zipcode,date,price,bedrooms,bathrooms,sqft_living,sqft_lot,floors,waterfront,view,condition,grade,sqft_above,sqft_basement,yr_built,yr_renovated,lat,long,sqft_living15,sqft_lot15
459937.3676784561,20141209,538000.0,3,2.25,2570,7242,2.0,0,0,3,7,2170,400,1951,1991,47.721,-122.319,1690,7639
446784.93656982755,20150225,180000.0,2,1.0,770,10000,1.0,0,0,3,6,770,0,1933,0,47.7379,-122.233,2720,8062
676364.4931522439,20150218,510000.0,3,2.0,1680,8080,1.0,0,0,3,8,1680,0,1987,0,47.6168,-122.045,1800,7503
658494.8718418806,20140512,1225000.0,4,4.5,5420,101930,1.0,0,0,3,11,3890,1530,2001,0,47.6561,-122.005,4760,101930
305226.1515477301,20150115,291850.0,3,1.5,1060,9711,1.0,0,0,3,7,1060,0,1963,0,47.4095,-122.315,1650,9711
361776.01999100216,20150415,229500.0,3,1.0,1780,7470,1.0,0,0,3,7,1050,730,1960,0,47.5123,-122.337,1780,8113
367708.9322852687,20150312,323000.0,3,2.5,1890,6560,2.0,0,0,3,7,1890,0,2003,0,47.3684,-122.031,2390,7570
617756.8519456232,20150403,662500.0,3,2.5,3560,9796,1.0,0,0,3,8,1860,1700,1965,0,47.6007,-122.145,2210,8925
618832.1689645355,20140527,468000.0,2,1.0,1160,6000,1.0,0,0,4,7,860,300,1942,0,47.69,-122.292,1330,6000
448283.099450964,20140528,310000.0,3,1.0,1430,19901,1.5,0,0,4,7,1430,0,1927,0,47.7558,-122.229,1780,12697
676364.4931522439,20141007,400000.0,3,1.75,1370,9680,1.0,0,0,4,7,1370,0,1977,0,47.6127,-122.045,1370,10208
571029.5251562481,20150312,530000.0,5,2.0,1810,4850,1.5,0,0,3,7,1810,0,1900,0,47.67,-122.394,1360,4850
423879.2309738099,20150124,650000.0,4,3.0,2950,5000,2.0,0,3,3,9,1980,970,1979,0,47.5714,-122.375,2140,4000
422666.8709704506,20140731,395000.0,3,2.0,1890,14040,2.0,0,0,3,7,1890,0,1994,0,47.7277,-121.962,1890,14018
239989.36189918887,20141205,189000.0,2,1.0,1200,9850,1.0,0,0,4,7,1200,0,1921,0,47.3089,-122.21,1060,5095
386953.59781931347,20140514,385000.0,4,1.75,1620,4980,1.0,0,0,4,7,860,760,1947,0,47.7025,-122.341,1400,4980
1194366.6606168754,20140826,2000000.0,3,2.75,3050,44867,1.0,0,4,3,9,2330,720,1968,0,47.5316,-122.233,4110,20336
327340.82913127734,20140703,285000.0,5,2.5,2270,6300,2.0,0,0,3,8,2270,0,1995,0,47.3266,-122.169,2240,7005
293539.66965808725,20140516,252700.0,2,1.5,1070,9643,1.0,0,0,3,7,1070,0,1985,0,47.3533,-122.166,1220,8386
293539.66965808725,20141120,329000.0,3,2.25,2450,6500,2.0,0,0,4,8,2450,0,1985,0,47.3739,-122.172,2200,6865
235252.1282677759,20141103,233000.0,3,2.0,1710,4697,1.5,0,0,5,6,1710,0,1941,0,47.3048,-122.218,1030,4705
847357.1028806998,20140626,937000.0,3,1.75,2450,2691,2.0,0,0,3,8,1750,700,1915,0,47.6386,-122.36,1760,3573
1095645.1058106227,20141201,667000.0,3,1.0,1400,1581,1.5,0,0,5,8,1400,0,1909,0,47.6221,-122.314,1860,3861
620587.6068019925,20140624,438000.0,3,1.75,1520,6380,1.0,0,0,3,7,790,730,1948,0,47.695,-122.304,1520,6235
572644.8838247377,20140624,687500.0,4,1.75,2330,5000,1.5,0,0,4,7,1510,820,1929,0,47.6823,-122.368,1460,5000
562221.8965948637,20141110,535000.0,3,1.0,1090,3000,1.5,0,0,4,8,1090,0,1929,0,47.6889,-122.375,1570,5080
657972.6854418354,20140528,550000.0,4,1.0,1660,34848,1.0,0,0,1,5,930,730,1933,0,47.6621,-122.132,2160,11467
577477.2145403444,20141230,640000.0,4,2.0,2360,6000,2.0,0,0,4,8,2360,0,1904,0,47.6702,-122.362,1730,4700
406403.49633050826,20140620,605000.0,4,2.5,2620,7553,2.0,0,0,3,8,2620,0,1996,0,47.5301,-122.18,2620,11884
683301.6441199706,20140715,625000.0,4,2.5,2570,5520,2.0,0,0,3,9,2570,0,2000,0,47.6145,-122.027,2470,5669
861740.6319642722,20141028,685000.0,3,1.0,1570,2280,2.0,0,0,3,7,1570,0,1922,0,47.6413,-122.364,1580,2640
427715.988107843,20140718,488000.0,3,2.5,3160,13603,2.0,0,0,3,8,3160,0,2003,0,47.7443,-121.977,3050,9232
618832.1689645355,20150428,450000.0,3,1.75,1250,5963,1.0,0,0,4,7,1250,0,1953,0,47.6796,-122.301,970,5100
423019.30327316886,20150217,345000.0,5,2.5,3150,9134,1.0,0,0,4,8,1640,1510,1966,0,47.4934,-122.189,1990,9133
570066.2802816714,20141231,600000.0,3,1.75,1410,4080,1.0,0,0,4,7,1000,410,1950,0,47.6808,-122.384,1410,4080
572644.8838247377,20150205,585000.0,2,1.75,1980,8550,1.0,0,0,3,7,990,990,1981,0,47.6989,-122.369,1480,6738
834655.643791903,20140512,885000.0,4,2.5,2830,5000,2.0,0,0,3,9,2830,0,1995,0,47.6597,-122.29,1950,5000
316165.3168660254,20140819,292500.0,4,2.5,2250,4495,2.0,0,0,3,7,2250,0,2008,0,47.3663,-122.114,2250,4500
618480.3617696934,20140827,951000.0,5,3.25,3250,14342,2.0,0,4,4,8,3250,0,1968,0,47.588,-122.116,2960,11044
445647.8213606365,20141210,650000.0,3,2.25,2150,21235,1.0,0,3,4,8,1590,560,1959,0,47.4336,-122.339,2570,18900
277528.96533262555,20140828,289000.0,3,1.75,1260,8400,1.0,0,0,3,7,1260,0,1954,0,47.4366,-122.335,1290,8750
620587.6068019925,20141207,549000.0,3,1.75,1540,1044,3.0,0,0,3,8,1540,0,2014,0,47.6765,-122.32,1580,3090
636799.7493972138,20140603,425000.0,3,2.25,1660,6000,1.0,0,0,3,7,1110,550,1979,0,47.6113,-122.297,1440,4080
568831.6230745363,20141120,317625.0,3,2.75,2770,3809,1.5,0,0,5,7,1770,1000,1925,0,47.5747,-122.304,1440,4000
1349502.5899479212,20140909,975000.0,4,2.5,2720,11049,2.0,0,0,3,10,2720,0,1989,0,47.5815,-122.192,2750,11049
280688.21855752653,20141009,287000.0,4,2.5,2240,4648,2.0,0,0,3,7,2240,0,2005,0,47.3378,-122.257,2221,4557
312252.3687995775,20140825,204000.0,3,1.0,1000,12070,1.0,0,0,4,7,1000,0,1968,0,47.3621,-122.11,1010,12635
1321281.9735942346,20140612,1325000.0,5,2.25,3200,20158,1.0,0,0,3,8,1600,1600,1965,0,47.6303,-122.215,3390,20158
809358.3740538555,20140912,1040000.0,5,3.25,4770,50094,1.0,0,0,4,11,3070,1700,1973,0,47.6525,-122.16,3530,38917
518179.2889106424,20150105,325000.0,3,2.0,1260,5612,1.0,0,0,4,7,1260,0,1972,0,47.7362,-122.179,1640,4745
365392.7430090045,20140710,360000.0,4,2.5,2380,5000,2.0,0,0,3,8,2380,0,2005,0,47.3608,-122.036,2420,5000
312252.3687995775,20150316,349000.0,3,1.75,1790,50529,1.0,0,0,5,7,1090,700,1965,0,47.3511,-122.073,1940,50529
785766.9388616487,20141105,832500.0,4,4.0,3430,35102,2.0,0,0,4,10,2390,1040,1986,0,47.5822,-121.987,3240,35020
617957.069538097,20141013,380000.0,4,1.75,1760,7300,1.0,0,0,3,7,880,880,1956,0,47.6034,-122.125,1680,7500
622458.057274902,20150420,480000.0,3,1.0,1040,5060,1.0,0,0,3,7,1040,0,1941,0,47.5636,-122.394,890,5060
385798.8038620333,20140609,410000.0,3,1.0,1410,5060,1.0,0,0,4,7,910,500,1956,0,47.7073,-122.34,1130,5693
411553.2490850453,20150323,720000.0,4,2.5,3450,39683,2.0,0,0,3,10,3450,0,2002,0,47.342,-122.025,3350,39750
364855.2745858778,20141202,390000.0,3,2.5,2350,5100,2.0,0,0,3,8,2350,0,2003,0,47.3512,-122.008,2350,5363
365392.7430090045,20141222,360000.0,4,2.5,1900,5889,2.0,0,0,3,7,1900,0,1992,0,47.349,-122.031,1870,6405
417923.5563026169,20141028,355000.0,2,1.0,2020,6720,1.0,0,0,3,7,1010,1010,1948,0,47.5474,-122.291,1720,6720
457645.86879663,20140602,315000.0,3,1.0,960,6634,1.0,0,0,3,6,960,0,1952,0,47.7264,-122.31,1570,7203
319564.07735553844,20141103,305000.0,5,2.25,2660,8400,1.5,0,0,5,7,2660,0,1961,0,47.2909,-122.189,1590,8165
423019.30327316886,20140618,461000.0,3,3.25,2770,6278,2.0,0,0,3,9,1980,790,2006,0,47.5228,-122.199,1900,7349
565189.0435677577,20140904,335000.0,2,1.75,1030,1066,2.0,0,0,3,7,765,265,2006,0,47.5394,-122.387,1030,1106
757565.6878573047,20150311,1099880.0,5,2.75,3520,6353,2.0,0,0,4,10,3520,0,2001,0,47.6506,-122.391,2520,6250
289248.5383911037,20150226,153000.0,3,1.0,1200,10500,1.0,0,0,3,7,1200,0,1962,0,47.322,-122.351,1350,10500
570066.2802816714,20140725,430000.0,3,1.5,1580,5000,1.0,0,0,3,8,1290,290,1939,0,47.687,-122.386,1570,4500
1210705.151845095,20140908,905000.0,4,2.5,3300,10250,1.0,0,0,3,7,2390,910,1946,1991,47.5873,-122.249,1950,6045
244835.86048915234,20150330,247500.0,3,1.75,1960,15681,1.0,0,0,3,7,1960,0,1967,0,47.3576,-122.277,1750,15616
287162.4981957411,20140912,199000.0,4,1.5,1160,6400,1.0,0,0,4,7,1160,0,1975,0,47.3036,-122.378,1160,6400
362073.8055065062,20140711,314000.0,3,1.75,1810,41800,1.0,0,0,5,7,1210,600,1980,0,47.4109,-121.958,1650,135036
921444.4348947848,20140611,850830.0,3,2.5,2070,13241,1.5,0,0,5,9,1270,800,1910,0,47.6415,-122.315,2200,4500
349221.34267604846,20140924,290000.0,3,1.0,1210,33919,1.0,0,0,3,7,1210,0,1954,0,47.4375,-122.184,1640,14910
347845.57241357997,20150402,375000.0,3,2.5,2340,10005,1.0,0,0,4,8,1460,880,1978,0,47.4431,-122.133,2250,8162
556994.1811555732,20140523,460000.0,3,1.0,1670,4005,1.5,0,0,4,7,1170,500,1939,0,47.6878,-122.38,1240,4005
305226.1515477301,20140723,188500.0,2,1.75,1240,2493,1.0,0,0,4,8,1240,0,1985,0,47.3813,-122.322,1270,4966
687323.6593787215,20150305,680000.0,4,2.5,3140,28037,2.0,0,0,4,10,3140,0,1991,0,47.7304,-122.082,2990,35001
657972.6854418354,20140827,470000.0,5,1.75,2030,12342,2.0,0,0,4,7,2030,0,1942,0,47.6417,-122.109,2500,9433
630230.5815663218,20140725,597750.0,4,2.5,2310,9624,2.0,0,0,3,8,2310,0,1984,0,47.5386,-122.053,1940,9636
367708.9322852687,20140916,272500.0,3,1.75,1540,12600,1.0,0,0,4,7,1160,380,1980,0,47.3624,-122.031,1540,11656
278308.9765726288,20141028,480000.0,4,2.5,3230,16171,2.0,0,3,3,9,2520,710,2001,0,47.3183,-122.253,2640,8517
306319.98697434517,20140623,205425.0,2,1.0,880,6780,1.0,0,0,4,6,880,0,1945,0,47.5009,-122.248,1190,6780
241635.48270414182,20150108,171800.0,4,2.0,1570,9600,1.0,0,0,3,6,1570,0,1950,0,47.4965,-122.303,1880,9000
695660.3333347015,20150102,660000.0,3,2.5,2400,6474,1.0,0,2,3,8,1560,840,1964,0,47.7728,-122.386,2340,10856
572984.7232962148,20150406,395000.0,2,1.0,770,6000,1.0,0,0,3,6,770,0,1953,0,47.6999,-122.364,1710,6000
654603.6561079818,20140618,770000.0,3,2.25,2910,10204,2.0,0,0,3,9,2910,0,1990,0,47.6897,-122.098,2700,13992
1255565.8644629337,20150302,1450000.0,4,2.75,2750,17789,1.5,0,0,3,8,1980,770,1914,1992,47.6141,-122.212,3060,11275
312792.7613355806,20140717,445000.0,3,2.25,2100,8201,1.0,0,2,3,8,1620,480,1967,0,47.5091,-122.244,2660,8712
603450.1873367343,20150428,660500.0,4,2.25,2010,9603,1.0,0,0,3,8,1440,570,1986,0,47.5343,-122.054,2060,9793
655041.9606132031,20140612,784000.0,3,3.5,3950,111078,1.5,0,0,3,9,2460,1490,1989,0,47.697,-122.072,2480,88500
294877.0280239129,20140805,220000.0,4,1.75,2020,7840,1.0,0,0,3,7,1010,1010,1968,0,47.3309,-122.299,1750,8140
466264.93989348644,20140707,382500.0,2,1.0,1190,4440,1.0,0,0,3,6,1190,0,1981,0,47.7135,-122.287,1060,5715
885031.7005636416,20140708,527700.0,5,2.5,2820,9375,1.0,0,0,4,8,1550,1270,1968,0,47.5707,-122.128,2820,9375
343584.47810641496,20150508,205000.0,3,1.0,1610,8579,1.0,0,0,4,7,1010,600,1962,0,47.4563,-122.171,1610,8579
388553.49155900674,20150415,420000.0,3,1.0,1060,8097,1.0,0,0,4,7,940,120,1923,0,47.7144,-122.351,1560,7940
885031.7005636416,20150227,500000.0,4,2.25,2030,8517,1.0,0,0,4,8,1380,650,1961,0,47.5495,-122.174,2230,8824
688122.8420849473,20141203,921500.0,4,2.5,3670,315374,2.0,0,0,4,9,3670,0,1994,0,47.7421,-122.026,2840,87991
603450.1873367343,20140806,430000.0,2,2.5,2420,60984,2.0,0,0,3,7,2420,0,2007,0,47.5262,-121.943,1940,193842
244835.86048915234,20141030,258000.0,5,2.0,2260,12500,1.0,0,0,4,8,1130,1130,1960,0,47.3887,-122.286,1360,18000
555535.0546690192,20150409,560000.0,3,1.0,1110,5000,1.5,0,0,3,7,1110,0,1947,0,47.655,-122.359,1420,5000
287964.3794417512,20150331,282950.0,3,1.0,1250,8200,1.0,0,0,4,7,1250,0,1954,0,47.3255,-122.304,1680,8633
865681.9372132106,20150401,2250000.0,4,3.25,5180,19850,2.0,0,3,3,12,3540,1640,2006,0,47.562,-122.162,3160,9750
617048.9293987498,20140516,350000.0,1,1.0,700,5100,1.0,0,0,3,7,700,0,1942,0,47.679,-122.3,1010,5100
347845.57241357997,20140728,215000.0,3,1.0,1180,7669,1.0,0,0,4,7,1180,0,1967,0,47.4479,-122.176,1190,7669
415325.84970384446,20141120,650000.0,5,3.5,3960,25245,2.0,0,0,3,9,2500,1460,1996,0,47.525,-122.172,2640,13675
292569.2609091125,20140807,320000.0,4,2.75,2640,7500,1.0,0,0,3,8,1620,1020,1967,0,47.3135,-122.369,1980,7875
310744.36681459023,20141113,247000.0,3,2.0,1270,7198,1.5,0,0,3,7,1270,0,1916,2013,47.2086,-121.996,1160,7198
489297.04920836596,20141003,320000.0,4,1.75,1760,11180,1.0,0,0,4,8,1760,0,1968,0,47.4715,-122.118,1730,11180
521738.3698632771,20150309,438000.0,3,1.75,1780,9660,1.0,0,0,3,7,1780,0,1962,0,47.7171,-122.193,1200,9660
799677.2163328889,20150304,900000.0,3,2.5,3400,16603,2.0,0,0,3,10,3400,0,2000,0,47.6012,-122.023,3400,12601
518179.2889106424,20140620,441000.0,3,2.75,1910,7280,1.0,0,0,3,7,1160,750,1979,0,47.7319,-122.224,1710,8152
614962.0801520201,20140812,420000.0,3,2.0,2020,38332,1.0,0,0,4,7,1010,1010,1975,0,47.4582,-122.023,2110,36590
523182.4037948479,20141208,370000.0,3,1.75,1580,7000,1.0,0,0,3,7,1180,400,1976,0,47.7209,-122.168,1640,7500
299479.1170364885,20150219,269950.0,2,1.75,1340,7250,1.0,0,0,5,5,700,640,1949,0,47.408,-122.327,1830,9750
885231.261003273,20150324,807100.0,4,2.5,2680,4499,2.0,0,0,3,9,2680,0,1999,0,47.565,-122.125,2920,4500
457053.9046105648,20150316,284000.0,3,1.75,1560,21000,1.0,0,0,3,7,1560,0,1954,0,47.4776,-122.337,1070,7920
288380.5648874704,20150102,272000.0,3,1.75,2160,7140,1.0,0,0,4,7,1670,490,1978,0,47.3026,-122.374,1930,7350
381258.5762835626,20140502,313000.0,3,1.5,1340,7912,1.5,0,0,3,7,1340,0,1955,0,47.7658,-122.339,1480,7940
792005.9438432184,20150116,917500.0,4,2.5,3880,35003,2.0,0,0,3,10,2570,1310,1984,0,47.6477,-122.182,3740,35230
885231.261003273,20140929,673000.0,4,2.25,2590,8190,2.0,0,0,4,8,2590,0,1980,0,47.5619,-122.125,2260,8335
636799.7493972138,20150210,425000.0,3,2.5,1120,1100,2.0,0,0,3,8,820,300,2008,0,47.6106,-122.31,1590,1795
644002.7676625482,20140530,385000.0,3,1.0,1220,4800,1.0,0,0,3,6,1220,0,1901,0,47.6101,-122.307,1200,4800
319548.37267989066,20141117,269950.0,3,1.5,1950,7560,1.0,0,2,4,7,1320,630,1975,0,47.1976,-121.999,1950,8941
695660.3333347015,20150107,330000.0,2,1.0,1350,8220,1.0,0,0,3,7,1060,290,1949,0,47.7224,-122.358,1540,8280
365392.7430090045,20140723,163500.0,2,1.5,1050,3419,2.0,0,0,3,7,1050,0,1996,0,47.3848,-122.039,1050,3417
655041.9606132031,20140905,835000.0,4,2.75,3130,13412,2.0,0,0,3,9,2140,990,1993,0,47.6993,-122.102,2260,9984
814911.2820800088,20141121,1095000.0,5,3.0,4090,12850,1.0,0,2,4,10,2090,2000,1986,0,47.6627,-122.188,2540,10270
292569.2609091125,20150415,269000.0,4,1.75,1490,10000,1.0,0,0,4,8,1100,390,1969,0,47.3099,-122.379,2190,8910
676364.4931522439,20140505,560000.0,3,2.5,1900,8744,2.0,0,0,3,8,1900,0,1987,0,47.62,-122.043,2030,8744
573734.3095087736,20150418,615000.0,4,1.0,1330,2400,1.5,0,0,4,6,1330,0,1901,0,47.65,-122.34,1330,4400
654603.6561079818,20141205,585188.0,3,2.25,2230,10026,1.0,0,0,3,8,1430,800,1975,0,47.6647,-122.153,2230,9340
518179.2889106424,20140818,305000.0,3,1.75,1650,9480,1.0,0,0,3,7,1220,430,1977,0,47.726,-122.191,1540,8400
343997.9340612787,20141105,166950.0,3,1.0,1190,8820,1.0,0,0,3,6,1190,0,1959,0,47.4616,-122.184,1230,7980
1194366.6606168754,20140912,799000.0,3,2.5,2140,9897,1.0,0,0,4,8,2140,0,1959,0,47.5505,-122.219,2680,10083
388553.49155900674,20140625,400000.0,3,2.5,2180,7508,1.0,0,0,4,7,1420,760,1962,0,47.7606,-122.336,1900,7818
288380.5648874704,20140515,256883.0,3,2.5,1690,5025,2.0,0,0,3,8,1690,0,2003,0,47.2779,-122.347,2550,5001
414735.55882595433,20140723,465000.0,3,2.5,2150,4084,2.0,0,0,3,8,2150,0,2007,0,47.5488,-122.372,1750,2385
608952.06642221,20150113,440000.0,3,2.5,1910,66211,2.0,0,0,3,7,1910,0,1997,0,47.5385,-121.911,2330,67268
312970.38290991395,20141112,297000.0,3,2.5,1940,14952,2.0,0,0,3,8,1940,0,1994,0,47.3777,-122.165,2030,10450
571029.5251562481,20140716,470000.0,3,1.0,1010,5000,1.0,0,0,3,7,1010,0,1952,0,47.675,-122.394,1680,5000
287162.4981957411,20140804,226500.0,3,1.5,1300,7370,1.0,0,0,4,7,900,400,1976,0,47.3025,-122.37,1430,7500
496997.9761290952,20150303,274250.0,3,1.0,910,8450,1.0,0,0,4,6,910,0,1962,0,47.4787,-122.158,1400,8040
653814.7240197397,20140919,677900.0,3,2.5,2440,4587,2.0,0,0,3,8,2440,0,2010,0,47.7073,-122.114,2750,4587
619726.9661858212,20150205,425000.0,3,1.0,1010,5864,1.0,0,0,3,7,1010,0,1915,0,47.5733,-122.381,1290,5000
386953.59781931347,20140717,464000.0,6,3.0,2300,3404,2.0,0,0,3,7,1600,700,1920,1994,47.7067,-122.343,1560,1312
838055.5307890677,20140717,625504.0,3,2.25,1270,1566,2.0,0,0,3,8,1060,210,2014,0,47.6647,-122.284,1160,1327
683301.6441199706,20140515,592500.0,4,2.5,2240,12032,1.0,0,0,3,9,2240,0,1983,0,47.6143,-122.017,2520,12368
277831.8514821406,20150114,465000.0,3,2.5,2714,17936,2.0,0,0,3,9,2714,0,2005,0,47.3185,-122.275,2590,18386
422722.86397146,20140527,477000.0,4,2.75,1720,6270,2.0,0,0,3,8,1720,0,1978,0,47.5458,-122.268,2130,8700
242178.31651392026,20150115,280000.0,2,1.0,850,16400,1.0,0,0,3,6,850,0,1923,0,47.4889,-122.299,1100,14459
1229113.3153995418,20150221,1505000.0,5,3.0,3300,33474,1.0,0,3,3,9,1870,1430,1957,1991,47.5673,-122.21,3836,20953
708174.2469559382,20141023,467000.0,2,1.5,1320,10800,1.0,0,0,4,8,1320,0,1947,0,47.7145,-122.367,2120,12040
785766.9388616487,20140822,686000.0,4,2.5,2760,6440,2.0,0,0,3,10,2760,0,1999,0,47.5836,-122.026,3070,8127
291214.70879735576,20140918,325000.0,3,2.25,2220,16020,1.0,0,0,4,8,1780,440,1966,0,47.3758,-122.217,2080,9583
364855.2745858778,20140903,328000.0,3,2.25,2020,8379,2.0,0,0,3,7,2020,0,1994,0,47.3828,-122.023,2020,8031
361776.01999100216,20140604,390000.0,3,2.25,1250,7500,1.0,0,0,5,7,1250,0,1942,0,47.5123,-122.373,1280,7392
656678.3044756689,20150309,479950.0,2,2.0,1510,6516,1.0,0,0,3,8,1510,0,2005,0,47.7076,-122.013,1640,6009
286297.7473660847,20140529,264950.0,4,2.25,1720,9753,1.0,0,0,4,7,1120,600,1978,0,47.2922,-122.371,1510,9753
304822.1311352025,20150115,235000.0,3,1.0,1430,15246,1.0,0,0,4,7,980,450,1961,0,47.4075,-122.214,1960,13068
662738.3124233643,20150303,516500.0,3,2.5,1480,4729,2.0,0,0,3,7,1480,0,2004,0,47.6794,-122.034,2250,4729
489297.04920836596,20140616,500000.0,4,2.75,2280,15347,1.0,0,0,5,7,2280,0,1960,0,47.5218,-122.164,2280,15347
288380.5648874704,20141121,315000.0,6,2.75,2940,7350,1.0,0,0,3,8,1780,1160,1978,0,47.3103,-122.339,2120,8236
570951.9286613846,20141120,213000.0,2,1.0,1000,10200,1.0,0,0,3,6,1000,0,1961,0,47.5687,-121.899,1150,13702
354123.7523346936,20140902,475000.0,3,1.5,2480,5280,1.5,0,0,5,7,1620,860,1947,0,47.5575,-122.303,2090,4800
792005.9438432184,20140610,1025000.0,5,4.0,3760,28040,2.0,0,0,3,10,3760,0,1983,0,47.6489,-122.183,3430,35096
418660.44930935744,20150409,416000.0,3,2.0,2220,94300,1.0,0,0,5,7,1640,580,1976,0,47.3459,-121.95,2070,80100
652267.6489389732,20150320,410000.0,4,1.0,1970,4740,1.5,0,0,3,7,1670,300,1904,2005,47.6136,-122.303,1510,4740
697752.1680499781,20140701,800000.0,3,3.5,3830,221284,2.0,0,0,3,10,3530,300,1993,0,47.7641,-122.023,2920,148539
293289.6194161715,20141208,225000.0,3,1.75,1430,8505,1.0,0,0,4,7,1430,0,1968,0,47.3173,-122.319,1190,8640
625353.5680618046,20150127,455000.0,2,1.0,1430,5000,1.5,0,0,2,7,1430,0,1925,0,47.6727,-122.299,1450,3750
239989.36189918887,20150427,225000.0,3,1.0,1300,8316,1.0,0,0,4,6,1300,0,1954,0,47.3221,-122.216,1260,8316
582265.9122866754,20140826,480000.0,2,1.0,1030,3060,1.0,0,2,4,7,790,240,1918,0,47.6779,-122.353,1390,3060
292569.2609091125,20150212,363000.0,3,2.5,2740,11872,2.0,0,0,3,9,2740,0,1990,0,47.3076,-122.395,2570,10377
676364.4931522439,20140929,2400000.0,4,2.5,3650,8354,1.0,1,4,3,9,1830,1820,2000,0,47.6338,-122.072,3120,18841
582265.9122866754,20150422,481000.0,3,1.75,1560,3000,1.0,0,0,4,6,770,790,1918,0,47.6846,-122.345,1390,3000
251456.7766704771,20140923,260000.0,3,2.0,1810,7209,1.0,0,0,4,7,1240,570,1978,0,47.3656,-122.278,1750,7209
403345.1399193206,20150421,349500.0,3,1.0,1400,3538,1.0,0,0,3,7,800,600,1953,0,47.5405,-122.27,1620,6331
627594.016179868,20140519,592500.0,2,2.0,1420,9191,1.5,0,2,5,7,1420,0,1928,0,47.6979,-122.32,1420,6816
324041.1167481632,20141020,385000.0,4,1.75,2360,7620,1.0,0,0,4,7,1180,1180,1955,0,47.5278,-122.345,1910,7620
434883.3949127673,20141124,255000.0,3,1.0,1230,10170,1.0,0,0,3,7,1230,0,1979,0,47.4437,-121.772,1380,10098
1095645.1058106227,20141202,780000.0,3,1.0,1660,4400,1.5,0,0,3,8,1460,200,1911,0,47.6362,-122.302,1660,4400
308158.29216593615,20141024,237000.0,3,1.75,1270,8470,1.0,0,0,4,7,1270,0,1960,0,47.4207,-122.29,1600,8470
694152.0749194708,20141216,525000.0,3,2.25,2100,40510,2.0,0,0,3,10,1320,780,1979,0,47.6154,-122.047,2380,33450
566399.2522612505,20150428,425000.0,2,1.0,770,5040,1.0,0,0,3,5,770,0,1930,0,47.5964,-122.299,1330,2580
458094.67715651303,20141027,369900.0,1,0.75,760,10079,1.0,1,4,5,5,760,0,1936,0,47.4683,-122.438,1230,14267
326181.6035592653,20140929,285000.0,3,1.0,1120,10701,1.0,0,0,3,7,1120,0,1954,0,47.5544,-122.358,1130,6350
625353.5680618046,20140814,415000.0,2,1.0,1070,4500,1.0,0,0,3,7,1070,0,1937,0,47.6802,-122.29,1320,4465
1349502.5899479212,20150504,2900000.0,4,3.25,5050,20100,1.5,0,2,3,11,4750,300,1982,2008,47.6312,-122.223,3890,20060
697752.1680499781,20141007,1365000.0,4,4.75,5310,57346,2.0,0,0,4,11,5310,0,1989,0,47.7285,-122.042,4180,47443
381258.5762835626,20150501,436000.0,2,1.0,1040,7538,1.0,0,0,4,7,1040,0,1939,0,47.7107,-122.352,1440,7530
294877.0280239129,20141017,210000.0,3,1.0,1700,11390,1.0,0,0,4,7,1700,0,1967,0,47.3271,-122.323,1350,8164
304822.1311352025,20150320,365000.0,3,2.5,2653,4510,2.0,0,0,3,8,2653,0,2006,0,47.4145,-122.166,2653,4927
343997.9340612787,20150127,450000.0,3,2.0,2290,16258,1.0,0,0,5,8,2290,0,1960,0,47.4672,-122.165,1660,10530
446784.93656982755,20141113,770000.0,4,2.75,3820,26300,2.0,0,0,3,9,2850,970,2014,0,47.7618,-122.261,1860,12136
407720.1792337176,20150505,405000.0,3,1.75,2390,6000,1.0,0,0,3,6,1240,1150,1908,0,47.5362,-122.268,2020,6000
299709.69837323576,20140703,304900.0,4,1.75,2600,11325,1.0,0,0,4,7,1610,990,1969,0,47.3954,-122.206,1720,11088
309282.25673591485,20150227,170000.0,2,1.0,860,5265,1.0,0,0,3,6,860,0,1931,0,47.5048,-122.272,1650,8775
660030.4610443852,20150513,2050000.0,5,3.0,3830,8480,2.0,0,1,5,9,2630,1200,1905,1994,47.6166,-122.287,3050,7556
660060.3706162202,20140630,780000.0,4,2.5,3500,7048,2.0,0,0,3,9,3500,0,2005,0,47.6811,-122.025,3920,7864
518179.2889106424,20150209,405000.0,3,1.75,1670,6720,1.0,0,0,3,7,1140,530,1980,0,47.7198,-122.193,1670,7320
885231.261003273,20140702,675000.0,5,2.25,2900,10300,1.0,0,0,3,8,1450,1450,1985,0,47.5461,-122.151,2310,10300
282528.4217283847,20141022,360000.0,4,2.5,2160,9528,2.0,0,0,3,9,2160,0,1992,0,47.3341,-122.255,2280,9937
414735.55882595433,20140709,550000.0,3,2.0,1970,4166,2.0,0,3,5,8,1270,700,1929,0,47.5717,-122.375,2390,4166
792749.2753983696,20140710,879000.0,4,2.5,3360,22111,2.0,0,0,3,10,3360,0,1994,0,47.5951,-122.017,3150,11374
310337.38058627525,20140822,265000.0,3,2.0,1320,8959,1.0,0,0,3,7,1320,0,1993,0,47.3536,-122.144,1740,7316
489297.04920836596,20150304,446500.0,3,2.5,2650,7286,2.0,0,0,3,8,2650,0,1990,0,47.5084,-122.154,2400,7220
359302.3884990561,20140602,404000.0,3,1.5,2030,8880,1.0,0,0,3,7,1330,700,1963,0,47.5586,-122.311,2140,5592
291431.194502841,20140529,267500.0,3,1.75,1590,11914,1.0,0,2,3,7,1090,500,1957,0,47.4427,-122.274,1630,9052
683301.6441199706,20140624,3075000.0,4,5.0,4550,18641,1.0,1,4,3,10,2600,1950,2002,0,47.6053,-122.077,4550,19508
290075.6423254051,20140811,335000.0,3,2.5,2440,7632,2.0,0,0,3,8,2440,0,1998,0,47.3494,-122.301,2510,7903
556994.1811555732,20140619,576000.0,3,2.5,1940,9000,1.0,0,0,4,7,970,970,1948,0,47.6933,-122.393,2190,7310
367708.9322852687,20150401,208633.0,3,2.5,2040,3810,2.0,0,0,3,8,2040,0,2006,0,47.3537,-122.0,2370,4590
1048529.0666557761,20150217,725000.0,3,1.75,1920,3300,1.0,0,0,4,8,960,960,1913,0,47.6239,-122.298,1740,4000
666126.5536861863,20150403,550000.0,4,2.75,1800,7750,1.0,0,0,4,8,1400,400,1965,0,47.7776,-122.384,1800,8275
676364.4931522439,20140612,610750.0,4,2.25,2180,7297,2.0,0,0,3,8,2180,0,1984,0,47.6459,-122.058,2250,9781
838055.5307890677,20150228,550700.0,2,1.0,1010,5000,1.5,0,0,4,6,1010,0,1908,0,47.6692,-122.297,1460,5000
415325.84970384446,20150108,665000.0,4,2.75,3320,10574,2.0,0,0,5,8,2220,1100,1960,0,47.5376,-122.18,2720,8330
566399.2522612505,20150209,834000.0,4,2.5,2370,4000,1.5,0,2,5,8,1980,390,1928,0,47.601,-122.294,2440,5750
821289.1319043108,20140502,2384000.0,5,2.5,3650,9050,2.0,0,4,5,10,3370,280,1921,0,47.6345,-122.367,2880,5400
873422.414211908,20141209,1400000.0,4,3.25,4290,12103,1.0,0,3,3,11,2690,1600,1997,0,47.5503,-122.102,3860,11244
310337.38058627525,20150511,390000.0,3,2.5,1930,64904,1.0,0,0,4,8,1930,0,1988,0,47.346,-122.157,2350,57500
583726.3313437372,20140723,548000.0,2,1.0,1470,3864,1.0,0,0,4,7,1170,300,1916,0,47.6638,-122.345,1570,3864
477429.2815794605,20141122,268750.0,4,1.0,800,8775,1.0,0,0,3,6,800,0,1943,0,47.48,-122.336,1310,8775
653814.7240197397,20140513,819900.0,5,2.75,3150,7119,2.0,0,0,3,9,3150,0,2013,0,47.6759,-122.151,1560,8384
603450.1873367343,20141023,520000.0,3,2.25,2030,16200,2.0,0,0,3,8,2030,0,1984,0,47.5162,-122.057,2660,17958
362290.8667263699,20140905,232000.0,2,1.0,1240,12092,1.0,0,0,3,6,960,280,1922,1984,47.4957,-122.352,1820,7460
347138.2343738712,20150311,240500.0,2,1.0,1240,12092,1.0,0,0,3,6,960,280,1922,1984,47.4957,-122.352,1820,7460
457053.9046105648,20150428,186375.0,3,1.0,1000,7636,1.0,0,0,2,7,1000,0,1952,0,47.472,-122.344,1150,7600
812851.9240432107,20140725,790000.0,3,2.25,2370,10289,1.0,0,0,4,9,1590,780,1977,0,47.592,-122.166,2500,10004
831220.5382038694,20140916,880000.0,4,3.5,2800,6750,2.0,0,0,3,9,1890,910,1951,2002,47.669,-122.275,2370,6120
314750.89647702186,20150416,279000.0,6,1.75,2240,11180,2.0,0,0,4,7,2240,0,1955,0,47.42,-122.323,1590,7955
312771.97275797254,20140729,295000.0,3,2.0,1810,10530,1.0,0,2,3,8,1810,0,1991,0,47.1913,-122.012,1910,10450
573734.3095087736,20150408,640000.0,2,1.0,1070,5000,1.0,0,0,3,7,1070,0,1924,0,47.6666,-122.331,1710,5000
1173831.058663754,20140703,940000.0,4,2.0,2490,9525,2.0,0,0,5,9,2490,0,1968,0,47.5639,-122.217,2770,9525
364855.2745858778,20141007,260000.0,4,2.5,1960,5238,2.0,0,0,3,7,1960,0,2003,0,47.3483,-122.052,1800,5894
570586.5507486615,20140602,559900.0,3,2.75,2930,5569,1.0,0,0,3,9,1860,1070,2004,0,47.7648,-122.164,2580,11045
583812.6335823443,20140722,791500.0,4,2.0,1510,3500,1.5,0,0,5,7,1510,0,1911,0,47.6794,-122.357,1820,3750
386953.59781931347,20140826,265000.0,3,1.75,1420,8250,1.0,0,0,3,7,1420,0,1954,0,47.7535,-122.354,1740,8000
657972.6854418354,20150424,485000.0,4,1.75,2560,43995,2.0,0,0,4,7,2560,0,1962,0,47.6945,-122.093,2560,14764
466264.93989348644,20140909,425000.0,3,1.75,2500,6840,1.0,0,0,3,8,1300,1200,1957,0,47.7222,-122.32,1580,8691
448273.67156774935,20141017,309600.0,4,1.75,1275,20000,1.0,0,0,4,6,1275,0,1991,0,47.3796,-122.49,1660,20000
496997.9761290952,20141205,320000.0,2,1.0,1070,32633,1.0,0,0,4,6,1070,0,1930,0,47.4716,-122.078,1360,32156
293539.66965808725,20141021,206600.0,3,2.0,1390,13464,1.0,0,0,4,7,1390,0,1987,0,47.3581,-122.173,1720,12080
413820.72541071346,20150416,387000.0,4,1.75,2500,7690,1.0,0,0,3,7,1250,1250,1973,0,47.7713,-122.307,2040,8646
439656.4227623228,20140604,299000.0,1,0.75,560,12120,1.0,0,0,3,4,560,0,1967,0,47.675,-121.854,1300,19207
477429.2815794605,20150126,315000.0,3,1.0,1900,14400,1.0,0,0,4,7,1300,600,1954,0,47.4147,-122.337,1940,14400
583726.3313437372,20141203,437500.0,2,1.0,990,3120,1.0,0,2,5,7,790,200,1907,0,47.68,-122.353,1930,3120
277831.8514821406,20150324,252000.0,4,1.5,1550,19800,1.0,0,0,4,7,1050,500,1969,0,47.3117,-122.27,1640,22654
403345.1399193206,20140604,375000.0,4,1.75,2200,7475,1.0,0,0,5,7,1100,1100,1955,0,47.543,-122.28,1600,5766
362073.8055065062,20140806,300000.0,4,2.5,1910,4862,2.0,0,0,3,7,1910,0,2005,0,47.3607,-122.034,2010,5091
792005.9438432184,20140505,900000.0,3,1.0,1330,77972,1.0,0,0,3,7,1330,0,1928,1954,47.6891,-122.159,1340,17689
362073.8055065062,20141210,329500.0,4,2.5,1820,7912,2.0,0,0,3,7,1820,0,1994,0,47.3845,-122.029,1820,8168
792005.9438432184,20140819,604950.0,3,2.5,2110,5608,1.0,0,0,3,8,1340,770,2013,0,47.6743,-122.184,2040,9363
886526.829429153,20140917,795000.0,5,2.5,3040,9570,1.0,0,2,4,8,1640,1400,1966,0,47.5651,-122.164,2920,8800
434823.3949985198,20150130,465000.0,3,2.0,1840,40438,2.0,0,0,3,7,1840,0,1994,0,47.4853,-121.709,1380,44049
799677.2163328889,20150423,785000.0,4,2.75,2440,69415,1.0,0,0,4,8,1910,530,1989,0,47.5944,-122.042,2770,24361
423019.30327316886,20141204,280000.0,3,2.25,1430,7222,2.0,0,0,3,7,1430,0,1993,0,47.5112,-122.19,1430,7220
385798.8038620333,20141001,315000.0,4,2.25,2180,10754,1.0,0,0,5,7,1100,1080,1954,0,47.7711,-122.341,1810,6929
385907.80820247653,20150324,530000.0,4,2.25,2180,10754,1.0,0,0,5,7,1100,1080,1954,0,47.7711,-122.341,1810,6929
423019.30327316886,20140811,297000.0,3,2.25,1450,7562,2.0,0,0,3,7,1450,0,1994,0,47.5038,-122.189,1650,7625
792749.2753983696,20140520,730000.0,4,2.5,3230,7331,2.0,0,0,3,10,3230,0,2004,0,47.5823,-121.97,3480,7447
457645.86879663,20140609,450000.0,3,1.75,1640,13500,1.0,0,0,3,7,1110,530,1940,0,47.7164,-122.304,1770,12600
625353.5680618046,20150429,595000.0,4,2.0,2020,2849,2.0,0,0,3,7,2020,0,1960,0,47.6831,-122.329,1910,3120
422666.8709704506,20150313,389000.0,4,2.25,2130,5337,2.0,0,0,3,7,2130,0,2001,0,47.7237,-121.959,2300,6930
885231.261003273,20140728,1350000.0,5,3.5,4800,14984,2.0,0,2,3,11,3480,1320,1998,0,47.5543,-122.148,4050,19009
577967.1083293719,20140625,365500.0,3,2.0,1410,9600,1.0,0,0,4,7,1410,0,1983,0,47.7591,-122.146,1410,9600
362290.8667263699,20140905,403950.0,4,2.5,2120,13780,2.0,0,0,3,8,2120,0,1993,0,47.4987,-122.365,1880,12000
704584.6258309436,20140801,385000.0,4,1.5,2040,10726,1.0,0,0,3,7,1380,660,1954,0,47.772,-122.358,1610,10020
316169.3450608496,20141210,345000.0,4,1.0,1550,7620,1.5,0,0,3,7,1550,0,1957,0,47.5287,-122.35,1450,7620
654334.6198933957,20140917,490000.0,3,2.75,1980,3128,2.0,0,0,4,9,1980,0,1979,0,47.6109,-122.114,1950,2856
436812.4330480336,20140618,330000.0,3,2.5,1600,26977,2.0,0,0,3,8,1600,0,2005,0,47.7736,-121.901,1790,27743
1321281.9735942346,20140512,927000.0,4,2.75,3300,12090,2.0,0,0,3,8,3300,0,1953,0,47.6294,-122.218,3180,12239
1173831.058663754,20140728,1118000.0,4,2.5,3840,16619,2.0,0,1,4,10,3840,0,1983,0,47.5634,-122.213,3600,16553
448283.099450964,20150430,330000.0,2,1.0,1220,10000,1.0,0,0,5,7,1220,0,1950,0,47.7405,-122.241,2000,9600
885031.7005636416,20140623,365000.0,4,2.0,1940,25600,1.0,0,0,1,8,1940,0,1962,0,47.5722,-122.129,2000,10071
652267.6489389732,20150306,557000.0,3,3.5,1710,2096,2.0,0,0,3,8,1290,420,2008,0,47.6055,-122.305,1630,1543
570066.2802816714,20150422,352000.0,2,1.0,940,5000,1.0,0,0,4,7,940,0,1937,0,47.6879,-122.385,1560,4500
432154.0058062266,20150224,437000.0,3,2.5,1750,22357,2.0,0,0,3,8,1750,0,1994,0,47.4807,-121.779,2430,22357
360232.0349922844,20140618,322500.0,4,2.5,1820,6753,2.0,0,0,3,7,1820,0,1994,0,47.3845,-122.032,1820,7107
635348.1947362704,20140912,650000.0,3,3.25,1510,2000,2.0,0,0,3,9,1330,180,2001,0,47.5815,-122.402,1510,1352
583726.3313437372,20140806,450000.0,3,2.0,1290,1213,3.0,0,0,3,8,1290,0,2001,0,47.6609,-122.344,1290,3235
688122.8420849473,20141104,632925.0,3,2.5,2990,32239,2.0,0,0,4,8,2990,0,1978,0,47.7718,-122.095,2990,36497
309282.25673591485,20150212,339000.0,4,1.5,2390,7480,1.5,0,2,3,7,2390,0,1920,0,47.504,-122.227,2850,6867
657972.6854418354,20140909,570000.0,3,1.75,2910,37461,1.0,0,0,4,7,1530,1380,1967,0,47.7015,-122.164,2520,18295
598848.6678785891,20140626,563500.0,4,1.75,2085,174240,1.0,0,0,3,7,1610,475,1964,0,47.5753,-121.95,2690,174240
386953.59781931347,20150105,423000.0,4,2.25,2200,9351,1.0,0,0,5,7,1290,910,1962,0,47.7448,-122.333,1910,8660
436812.4330480336,20141223,355000.0,3,2.25,1860,5028,2.0,0,0,3,8,1860,0,2012,0,47.7318,-121.982,2320,5465
598848.6678785891,20140710,1550000.0,5,4.25,6070,171626,2.0,0,0,3,12,6070,0,1999,0,47.5954,-121.95,4680,211267
873422.414211908,20140730,625000.0,3,1.75,1600,9135,1.0,0,0,5,7,1600,0,1955,0,47.5724,-122.179,1580,9800
1311400.5206981574,20150225,1300000.0,3,2.0,2350,15021,1.0,0,0,4,8,1770,580,1976,0,47.6408,-122.219,3530,15715
511750.94298781455,20140506,397000.0,4,2.0,1440,7680,1.0,0,0,3,7,1200,240,1971,0,47.7245,-122.2,1460,9660
310337.38058627525,20141028,328500.0,4,3.0,2290,8250,2.0,0,0,3,9,2290,0,1990,0,47.3739,-122.156,2290,8250
576586.6124757979,20140722,1000000.0,4,2.5,2610,3277,1.5,0,0,5,8,1920,690,1922,0,47.6636,-122.33,1810,3277
483360.10385668697,20140919,525000.0,4,2.5,2450,5280,2.0,0,0,3,8,2450,0,2003,0,47.7734,-122.224,2300,4674
885031.7005636416,20140916,749000.0,4,2.5,1710,9627,1.0,0,0,3,9,1440,270,1976,2014,47.559,-122.164,2140,9131
676364.4931522439,20140821,722500.0,5,2.5,4870,11800,2.0,0,0,3,10,3470,1400,1983,0,47.633,-122.041,3180,11398
657972.6854418354,20150312,843000.0,3,2.5,3130,8750,2.0,0,0,3,10,3130,0,1991,0,47.6954,-122.103,2860,9003
287724.44041795074,20140923,227950.0,3,1.5,1670,8230,1.0,0,0,5,7,1670,0,1954,0,47.2613,-122.255,2077,4910
280688.21855752653,20140722,196000.0,3,2.25,2070,11576,2.0,0,0,3,7,2070,0,1974,0,47.3417,-122.271,1890,7519
834655.643791903,20140715,641000.0,2,1.0,1420,5332,1.0,0,0,3,8,1070,350,1953,0,47.6694,-122.275,2400,5406
365392.7430090045,20150422,350000.0,3,1.5,1250,219978,1.0,0,0,4,6,1250,0,1980,0,47.4056,-121.955,1930,210394
244163.16935118835,20140819,205000.0,3,1.0,940,7980,1.0,0,0,4,7,940,0,1960,0,47.3838,-122.289,1150,8050
570586.5507486615,20141202,400000.0,3,1.75,1920,9102,1.0,0,0,3,7,1920,0,1968,0,47.7487,-122.082,1920,9760
622821.7212660755,20141110,1030000.0,3,2.5,3545,9816,1.0,0,0,3,10,2610,935,2005,0,47.5534,-122.078,3630,7704
511750.94298781455,20141009,475000.0,5,2.5,2340,7200,1.0,0,0,3,7,1300,1040,1975,0,47.7206,-122.211,1930,7221
365392.7430090045,20150222,232000.0,3,1.0,1400,10403,1.0,0,0,4,6,1400,0,1976,0,47.362,-122.029,1230,10209
885231.261003273,20150421,691100.0,3,2.75,2360,16117,1.0,0,0,4,8,1710,650,1983,0,47.5698,-122.121,2120,16117
446784.93656982755,20140520,551000.0,3,2.5,2830,5802,2.0,0,0,3,9,2830,0,2001,0,47.7605,-122.234,2500,5788
585525.1767721627,20150108,496500.0,3,2.5,2260,3640,2.0,0,0,3,8,2260,0,1994,0,47.7356,-122.157,2350,3710
300463.9615421509,20140612,578000.0,4,2.5,3140,9225,1.0,0,2,5,9,1770,1370,1966,0,47.4904,-122.226,2460,9600
312252.3687995775,20150305,348000.0,3,2.25,2570,8491,2.0,0,0,4,8,2570,0,1989,0,47.3759,-122.125,2400,8049
304822.1311352025,20141104,230000.0,3,2.0,1510,3413,2.0,0,0,3,7,1510,0,1985,0,47.3912,-122.167,1570,3777
288380.5648874704,20141209,359500.0,4,2.25,2390,11250,2.0,0,0,3,9,2390,0,1988,0,47.3305,-122.371,2480,11250
388553.49155900674,20141112,330000.0,3,1.0,980,7000,1.0,0,0,3,6,980,0,1953,0,47.7617,-122.357,1220,7000
430289.78019395913,20140523,80000.0,1,0.75,430,5050,1.0,0,0,2,4,430,0,1912,0,47.6499,-121.909,1200,7500
365392.7430090045,20150106,342500.0,3,2.5,1810,5192,2.0,0,0,3,8,1810,0,1993,0,47.3724,-122.042,1810,6200
306039.35120211757,20140623,290900.0,2,2.0,1610,17600,2.0,0,0,3,6,1610,0,1930,1983,47.4855,-122.266,1310,12950
676364.4931522439,20150213,868700.0,3,4.25,3840,6161,2.0,0,0,3,10,3840,0,2000,0,47.6336,-122.064,3230,7709
694152.0749194708,20141014,1150000.0,4,3.25,4190,10259,2.0,0,0,3,11,3150,1040,2000,0,47.6332,-122.066,4300,11919
612793.6173133849,20140808,520000.0,4,2.25,1890,3006,2.0,0,0,3,7,1890,0,2003,0,47.5461,-121.998,1580,3000
625353.5680618046,20140901,438924.0,3,1.5,1050,4590,1.0,0,0,3,7,850,200,1949,0,47.6943,-122.29,1770,5400
779326.9037185308,20140718,590000.0,4,2.75,2910,10650,1.0,0,2,3,8,1780,1130,1975,0,47.6658,-122.188,2920,10988
886526.829429153,20141104,378500.0,4,1.75,1700,8640,1.0,0,0,3,7,850,850,1955,0,47.5772,-122.153,1620,9000
313702.61375263124,20140603,328500.0,3,2.5,1950,8130,2.0,0,0,4,9,1950,0,1990,0,47.3875,-122.161,2350,7691
885231.261003273,20140711,1067000.0,6,3.5,4860,11793,2.0,0,0,3,11,3860,1000,1998,0,47.5521,-122.137,3600,11793
800996.1612285014,20141216,699900.0,4,2.75,2810,7302,2.0,0,0,3,9,2810,0,2002,0,47.5985,-121.977,2820,7302
603450.1873367343,20150210,1280000.0,5,2.5,3400,9500,2.0,0,1,4,8,3400,0,1977,0,47.5645,-122.082,3080,11081
657972.6854418354,20141120,452000.0,4,1.5,1580,7350,1.0,0,0,4,7,960,620,1963,0,47.6734,-122.154,1560,7350
302971.5241449472,20150205,370000.0,3,2.0,1680,5036,1.0,0,1,4,7,1680,0,1987,0,47.4734,-122.186,1680,4921
312970.38290991395,20150127,232000.0,3,1.75,1300,11230,1.0,0,0,5,7,1300,0,1968,0,47.3811,-122.087,1300,10794
521738.3698632771,20141030,669950.0,5,2.5,2820,14062,2.0,0,0,4,7,2380,440,1960,0,47.7081,-122.215,1910,10392
511750.94298781455,20140614,397500.0,3,2.0,1510,6710,1.0,0,0,3,7,1070,440,1972,0,47.7193,-122.216,1660,6600
1085296.6810902685,20140512,490000.0,2,2.5,1230,1391,2.0,0,0,3,8,870,360,2004,0,47.6192,-122.301,1240,1350
622458.057274902,20150128,725000.0,4,2.0,2110,4140,2.0,0,0,3,9,1710,400,1925,2003,47.5836,-122.387,1440,4420
244835.86048915234,20140917,299000.0,3,2.75,3080,19635,1.0,0,2,4,7,1610,1470,1958,0,47.3841,-122.284,2424,12410
629434.970200788,20140818,625000.0,2,1.5,1490,5750,1.5,0,0,4,7,1190,300,1900,0,47.5872,-122.39,1590,4025
539336.9822729103,20150510,650000.0,4,2.5,3180,5438,2.0,0,0,3,9,3180,0,2003,0,47.5416,-121.864,3030,5335
570066.2802816714,20140519,475000.0,2,1.0,1490,3825,1.0,0,0,3,7,860,630,1929,0,47.6799,-122.381,1460,3825
316165.3168660254,20140502,342000.0,3,2.0,1930,11947,1.0,0,0,4,8,1930,0,1966,0,47.3672,-122.151,2200,12825
302971.5241449472,20150210,280000.0,3,1.5,1670,11610,1.0,0,0,4,7,1670,0,1963,0,47.4404,-122.191,1930,10200
284375.51071051654,20140521,240000.0,2,1.75,1330,7200,1.0,0,0,3,7,1330,0,1993,0,47.4467,-122.281,1450,11682
565239.5424629305,20140527,529000.0,3,1.0,1210,3328,1.5,0,0,4,7,1210,0,1924,0,47.6729,-122.363,1640,3333
565189.0435677577,20150202,442000.0,3,1.0,1190,5100,1.0,0,0,4,7,1030,160,1941,0,47.5346,-122.385,1690,5100
847357.1028806998,20140508,615000.0,2,1.0,1540,6872,1.0,0,0,4,7,820,720,1946,0,47.6454,-122.373,1420,5538
799651.4021460296,20140612,1485000.0,4,3.75,4030,10800,2.0,0,0,3,10,4030,0,2006,0,47.6821,-122.196,2160,7200
654603.6561079818,20150505,585000.0,4,1.75,2430,7559,1.0,0,0,4,8,1580,850,1981,0,47.7206,-122.11,1980,8750
671650.574529007,20140721,1095000.0,5,3.5,4410,57063,2.0,0,0,4,9,4410,0,1990,0,47.6554,-122.018,2900,50529
635348.1947362704,20140820,615000.0,3,1.75,1900,5000,1.0,0,0,5,7,950,950,1951,0,47.5789,-122.393,1770,5000
385907.80820247653,20150311,300000.0,2,1.0,1100,7680,1.0,0,0,4,7,1100,0,1950,0,47.7439,-122.339,1460,7680
814911.2820800088,20150507,750000.0,3,2.5,2400,7745,2.0,0,0,3,9,2400,0,2001,0,47.6734,-122.173,2080,8615
489297.04920836596,20140805,890000.0,4,3.25,3180,194278,2.0,0,0,3,10,3180,0,2005,0,47.4711,-122.084,2200,178160
307501.0678454812,20140906,190000.0,2,1.0,630,6000,1.0,0,0,3,6,630,0,1943,2005,47.4973,-122.221,1470,6840
385798.8038620333,20150326,515000.0,5,3.0,2530,5105,1.0,0,0,3,8,1520,1010,2005,0,47.7546,-122.341,2290,4011
303807.5708707412,20141105,235000.0,4,1.5,1690,11054,1.0,0,0,4,5,1690,0,1930,0,47.4667,-122.215,1690,9040
414735.55882595433,20140818,275000.0,2,1.0,940,5000,1.0,0,0,3,6,940,0,1951,0,47.5186,-122.374,940,5000
1332756.2913911662,20141121,727500.0,2,2.0,1240,9119,1.0,0,0,4,7,1240,0,1952,0,47.6221,-122.193,1380,9121
658494.8718418806,20140620,650000.0,4,2.5,3040,6587,2.0,0,0,3,7,3040,0,2003,0,47.683,-122.039,2740,6587
608952.06642221,20140618,1600000.0,6,5.0,6050,230652,2.0,0,3,3,11,6050,0,2001,0,47.6033,-121.943,4210,233971
457645.86879663,20141105,365000.0,4,1.0,1590,7085,1.5,0,0,3,6,1590,0,1944,0,47.7315,-122.305,1320,7085
653814.7240197397,20141008,662000.0,3,1.75,2500,36947,1.0,0,0,3,9,2500,0,1984,0,47.6917,-122.084,2590,28837
364855.2745858778,20150429,270500.0,3,2.5,1780,7848,1.0,0,0,3,7,1320,460,1978,0,47.3608,-122.056,1680,7848
320875.0191214165,20150505,200000.0,2,1.5,1360,1898,2.0,0,0,3,7,1360,0,1978,0,47.2852,-122.19,1360,1898
785766.9388616487,20150224,970000.0,4,3.25,4740,76230,2.0,0,0,3,10,4740,0,1987,0,47.5931,-122.071,3340,49206
308158.29216593615,20140624,160000.0,3,1.5,1010,9600,1.0,0,0,4,7,1010,0,1962,0,47.4097,-122.316,1400,9660
430759.634588788,20150218,204000.0,3,1.0,1040,7405,1.0,0,0,4,6,1040,0,1971,0,47.3105,-122.021,1580,7405
583812.6335823443,20141204,595000.0,2,2.0,1510,4000,1.0,0,0,4,7,1010,500,1900,0,47.6582,-122.345,1920,4000
300463.9615421509,20150310,346900.0,4,2.5,1970,5106,2.0,0,0,3,8,1970,0,1999,0,47.449,-122.205,2230,5109
445647.8213606365,20150218,2125000.0,3,2.5,5403,24069,2.0,1,4,4,12,5403,0,1976,0,47.4169,-122.348,3980,104374
423019.30327316886,20141030,280000.0,4,2.5,1560,4350,2.0,0,0,3,7,1560,0,2003,0,47.5025,-122.186,1560,4350
800996.1612285014,20140911,530000.0,3,2.25,2120,40518,1.0,0,0,3,8,2120,0,1967,0,47.5896,-122.009,2480,13492
306669.92319712136,20141121,375000.0,3,2.25,2120,18500,2.0,0,0,4,8,2120,0,1983,0,47.3914,-122.169,2120,14479
655751.6272844722,20150422,910000.0,4,2.5,3350,29242,2.0,0,0,3,11,3350,0,1988,0,47.7197,-122.131,3920,24728
873422.414211908,20140523,782000.0,4,2.5,2380,9614,2.0,0,0,4,10,2380,0,1991,0,47.5623,-122.116,2560,9770
319472.67757481214,20150319,259950.0,2,2.0,1070,649,2.0,0,0,3,9,720,350,2008,0,47.5213,-122.357,1070,928
349736.74595901836,20140923,315000.0,4,2.75,2300,18360,1.0,0,0,4,7,1560,740,1979,0,47.4518,-122.16,1870,9588
1177693.148659677,20140723,705000.0,3,1.75,2180,10221,1.0,0,2,4,7,1140,1040,1946,0,47.5885,-122.248,2180,8535
771173.414999525,20141013,1450000.0,3,3.0,4380,6320,2.0,0,3,5,10,3580,800,1952,0,47.6452,-122.411,3080,7680
415493.3567396945,20150508,451000.0,3,1.75,1790,9813,2.0,0,0,3,7,1790,0,1949,0,47.749,-122.305,1520,10125
496997.9761290952,20140722,725000.0,4,2.5,2990,29170,2.0,0,3,3,9,2990,0,1999,0,47.5146,-122.117,3715,29170
1210705.151845095,20140620,1950000.0,7,3.5,4640,15235,2.0,0,1,3,11,2860,1780,1965,2003,47.5666,-122.231,3230,20697
277417.4995669257,20140715,238000.0,4,1.0,1400,7242,1.5,0,0,3,7,1400,0,1959,0,47.4339,-122.291,1310,7314
313702.61375263124,20141027,331500.0,4,2.5,2050,10271,2.0,0,0,3,7,2050,0,1998,0,47.3628,-122.075,2050,8103
536604.2937770317,20141028,460000.0,4,3.0,2230,108900,1.0,0,0,3,7,1410,820,1978,0,47.52,-121.845,1960,65340
320982.2711356203,20140707,404950.0,4,2.25,2340,217014,1.0,0,0,4,8,2340,0,1982,0,47.2953,-122.083,2340,107898
583726.3313437372,20141217,880000.0,3,2.5,2870,5163,2.0,0,0,3,9,2870,0,2014,0,47.6935,-122.352,1630,7995
799857.1655741497,20141216,638700.0,3,1.75,2080,9162,1.0,0,0,3,7,1370,710,1960,0,47.5846,-122.168,1870,8944
656678.3044756689,20140728,435000.0,3,2.5,1840,5680,2.0,0,0,3,7,1840,0,2008,0,47.6969,-122.026,1600,4697
851089.9966700573,20140814,671500.0,5,2.75,2160,4000,1.5,0,0,5,7,1530,630,1927,0,47.667,-122.289,2040,4000
826796.7670944532,20141022,610000.0,3,1.0,1180,3400,1.5,0,0,3,8,1180,0,1907,0,47.6376,-122.353,1440,3400
430289.78019395913,20141218,405000.0,2,0.75,1160,15029,1.0,0,0,4,6,870,290,1937,0,47.6929,-121.87,1870,25346
365392.7430090045,20140718,338900.0,4,2.5,1830,5612,2.0,0,0,3,7,1830,0,2003,0,47.3572,-122.015,1830,5998
799677.2163328889,20150123,720000.0,4,4.0,3200,7708,2.0,0,0,3,10,3200,0,2004,0,47.5816,-121.97,3480,7944
357591.16857722943,20150424,442000.0,5,3.0,2560,5445,1.5,0,0,4,7,1760,800,1927,0,47.5502,-122.311,1080,5445
652267.6489389732,20140603,650000.0,5,2.75,2550,5040,1.5,0,0,5,8,2550,0,1902,0,47.6136,-122.299,1590,3840
347845.57241357997,20150102,263500.0,3,1.75,1330,9917,1.0,0,0,3,7,1040,290,1981,0,47.4478,-122.161,1330,9081
362073.8055065062,20141217,300000.0,2,1.0,1220,75794,1.0,0,0,4,7,1220,0,1963,0,47.4219,-122.007,2010,98010
688122.8420849473,20141211,930000.0,4,4.0,6050,84942,2.5,0,2,3,9,4150,1900,2009,0,47.7466,-122.029,2700,199504
450344.50653058774,20150127,530000.0,4,2.5,2320,5493,2.0,0,0,3,8,2320,0,2004,0,47.7727,-122.229,2450,5471
286297.7473660847,20141211,180000.0,3,1.0,1384,8960,1.0,0,0,4,6,1384,0,1965,0,47.3062,-122.371,1000,8470
290075.6423254051,20140821,264000.0,3,1.5,1820,10608,1.0,0,0,4,7,1820,0,1962,0,47.3366,-122.306,1380,8976
619726.9661858212,20140701,730000.0,2,2.25,2130,4920,1.5,0,4,4,7,1530,600,1941,0,47.573,-122.409,2130,4920
511750.94298781455,20141022,439000.0,4,2.25,2060,10070,2.0,0,0,3,7,2060,0,1975,0,47.7258,-122.177,2060,8155
436262.8984742922,20140715,330000.0,3,1.75,1510,15744,1.0,0,0,3,7,1510,0,1985,0,47.476,-121.755,1470,15744
694152.0749194708,20140708,900000.0,3,2.5,3180,12600,2.0,0,0,4,11,3180,0,1978,0,47.6366,-122.058,3030,12835
360232.0349922844,20140930,370000.0,3,2.25,2110,13300,2.0,0,0,4,8,2110,0,1985,0,47.3725,-122.06,2470,14000
556875.0665252504,20150314,685000.0,3,2.0,2060,2900,1.5,0,0,5,8,1330,730,1931,0,47.5897,-122.292,1910,3900
662738.3124233643,20140904,505000.0,3,1.5,1830,217800,1.0,0,0,3,7,1010,820,1981,0,47.6277,-121.972,2450,165963
312771.97275797254,20141021,265000.0,3,1.75,1820,32666,1.0,0,0,4,7,1820,0,1966,0,47.1803,-121.974,2050,43560
307383.18386447465,20150324,290000.0,3,2.5,1610,2937,2.0,0,0,3,8,1610,0,2006,0,47.4489,-122.188,1610,3049
365392.7430090045,20140902,296000.0,4,2.5,1780,3600,2.0,0,0,3,7,1780,0,2006,0,47.3665,-122.017,2020,3802
309282.25673591485,20150213,360000.0,4,2.5,1840,9611,2.0,0,0,3,7,1840,0,1996,0,47.4964,-122.251,1830,8505
241635.48270414182,20140604,240500.0,3,1.75,1460,10584,1.0,0,0,3,7,990,470,1997,0,47.492,-122.317,1220,12012
417022.74580765056,20140722,372500.0,2,2.5,1400,2958,2.0,0,0,3,8,1400,0,2007,0,47.5496,-122.373,1540,2385
436262.8984742922,20141002,595000.0,3,2.5,3370,14402,2.0,0,2,3,9,3370,0,2004,0,47.5008,-121.776,3330,9691
292569.2609091125,20141017,515000.0,4,3.0,3590,8249,2.0,0,0,3,9,3590,0,1997,0,47.2846,-122.341,2860,7995
1210705.151845095,20140805,1220000.0,4,2.25,3200,15367,2.0,0,0,4,9,3200,0,1962,0,47.5494,-122.216,3070,15263
660060.3706162202,20141009,507000.0,2,1.75,1670,6460,1.0,0,0,3,8,1670,0,2004,0,47.7123,-122.027,2170,6254
418660.44930935744,20140820,185000.0,3,1.75,1430,10816,2.0,0,0,3,7,1430,0,1994,0,47.3122,-121.996,1560,10816
655041.9606132031,20140825,460000.0,3,1.75,1440,7070,1.0,0,0,3,7,1440,0,1980,0,47.6947,-122.125,1440,7210
605283.4566611475,20150224,435500.0,3,2.25,1450,4789,2.0,0,0,3,7,1450,0,1985,0,47.5665,-122.018,1560,4490
277417.4995669257,20150408,469000.0,4,2.75,3550,13938,1.0,0,0,5,8,2100,1450,1966,0,47.425,-122.283,2050,9000
708174.2469559382,20150206,443500.0,2,1.0,940,6804,1.0,0,0,3,7,940,0,1949,0,47.7047,-122.373,1150,6930
448283.099450964,20150417,590000.0,4,3.5,3100,15842,2.0,0,0,3,8,2400,700,1996,0,47.7466,-122.242,2200,19400
576586.6124757979,20141209,340000.0,2,2.5,1100,1760,3.0,0,0,3,7,1100,0,1997,0,47.6972,-122.35,1200,1415
775585.3708169168,20141105,650000.0,3,2.0,1870,3388,1.0,0,0,4,8,1230,640,1925,0,47.6372,-122.395,1780,4050
604934.0212678046,20140925,533600.0,3,2.5,1930,5080,2.0,0,0,4,8,1930,0,1990,0,47.5694,-122.001,2190,5085
688898.2086366917,20140610,695000.0,3,2.75,2540,4694,2.0,0,0,3,9,2540,0,2005,0,47.6214,-122.024,2600,6344
304822.1311352025,20140617,242000.0,3,1.75,1280,7524,1.5,0,0,4,7,1280,0,1988,0,47.3961,-122.188,1500,7777
457645.86879663,20150114,425000.0,3,2.25,1820,8814,1.0,0,0,3,7,1280,540,1967,0,47.7162,-122.309,1810,7515
655041.9606132031,20150506,525000.0,3,2.25,1490,9414,2.0,0,0,3,7,1490,0,1981,0,47.6844,-122.113,1290,10125
436262.8984742922,20150113,175000.0,3,1.0,1250,9775,1.0,0,0,3,7,1250,0,1971,0,47.4474,-121.771,1390,9650
331607.5228762779,20140619,210000.0,3,2.0,1440,7210,1.0,0,0,3,8,1440,0,1983,0,47.3128,-122.184,1700,7245
306669.92319712136,20150415,260000.0,3,2.5,1920,7415,2.0,0,0,3,7,1920,0,1989,0,47.4022,-122.171,1930,7536
556994.1811555732,20150225,605000.0,2,1.75,1760,5000,1.0,0,0,4,7,940,820,1927,0,47.682,-122.372,1530,5000
388553.49155900674,20140521,325000.0,3,1.0,990,6750,1.0,0,0,4,6,990,0,1947,0,47.7125,-122.331,1440,6860
306039.35120211757,20140814,289500.0,3,1.0,960,6400,1.0,0,0,4,6,820,140,1944,0,47.496,-122.239,1200,6600
617048.9293987498,20150406,1042500.0,3,1.75,1900,9375,1.0,0,1,4,8,1330,570,1941,0,47.6821,-122.273,2760,9375
783688.7021341408,20141009,543500.0,3,2.25,1270,2790,1.0,0,0,3,7,990,280,1970,0,47.6581,-122.396,1920,4000
312252.3687995775,20140522,480000.0,4,2.25,3250,34293,2.0,0,0,4,9,3250,0,1983,0,47.3496,-122.094,3110,35982
312037.90314989607,20140523,218000.0,3,1.0,960,9633,1.0,0,0,5,6,960,0,1982,0,47.1951,-122.001,1080,8610
423019.30327316886,20141212,426700.0,3,1.75,2080,7700,1.0,0,0,5,7,1600,480,1968,0,47.5375,-122.178,1680,7700
448283.099450964,20140912,650000.0,3,2.5,2690,11575,1.0,0,3,3,8,2130,560,1957,0,47.7605,-122.267,2390,11782
838055.5307890677,20140924,542000.0,2,1.0,890,3060,1.0,0,0,3,7,770,120,1910,0,47.6663,-122.326,1760,4080
239310.16133965823,20140815,214000.0,3,1.0,1200,8316,1.0,0,0,4,6,1200,0,1953,0,47.3221,-122.215,1200,8316
286662.0562852854,20150121,245000.0,3,1.5,1360,8910,2.0,0,0,5,7,1360,0,1949,0,47.4488,-122.275,1220,8912
622057.1224139485,20150409,1120000.0,3,1.5,3000,5750,2.0,0,0,5,9,2000,1000,1924,0,47.5821,-122.39,1820,5750
287724.44041795074,20140728,305000.0,4,2.5,2250,9091,1.0,0,0,3,7,1340,910,1982,0,47.336,-122.269,1540,7802
450344.50653058774,20150320,595000.0,5,2.75,3740,6750,1.0,0,0,4,8,1980,1760,1978,0,47.7679,-122.261,2620,7920
365392.7430090045,20150409,240000.0,3,1.75,1760,6500,1.0,0,0,3,7,1150,610,1987,0,47.3647,-122.05,1760,8125
561031.7278653833,20150320,545000.0,3,1.75,1680,6200,1.5,0,0,3,7,1680,0,1916,0,47.5338,-122.384,1680,5100
314750.89647702186,20141118,157000.0,1,1.0,870,26326,1.0,0,0,3,6,870,0,1939,0,47.4152,-122.3,1250,10608
451433.963457293,20141117,220000.0,3,1.0,1000,6020,1.0,0,0,3,6,1000,0,1944,0,47.4793,-122.346,1300,8640
422722.86397146,20140523,325000.0,3,1.0,1920,6862,1.0,0,2,3,7,1120,800,1952,0,47.5193,-122.274,2000,6900
527005.450279231,20140723,337000.0,3,2.5,1470,3976,2.0,0,0,3,7,1470,0,1999,0,47.526,-121.826,1490,4400
513532.94994591316,20141120,3070000.0,3,2.5,3930,55867,1.0,1,4,4,8,2330,1600,1957,0,47.7022,-122.224,2730,26324
655751.6272844722,20150102,748000.0,4,3.5,2770,3330,2.0,0,0,3,8,1970,800,2001,0,47.6327,-122.109,2180,3380
1311400.5206981574,20140902,888000.0,3,1.5,1250,8710,1.0,0,0,4,7,1250,0,1953,0,47.6245,-122.198,1750,9185
432154.0058062266,20150324,269900.0,3,1.75,1140,22267,1.0,0,0,3,7,1140,0,1986,0,47.4761,-121.758,1150,15625
624391.6152501821,20141113,496500.0,4,2.5,2250,14440,1.0,0,0,3,7,1550,700,1967,0,47.5221,-122.045,2090,11400
455838.75957867753,20140527,312000.0,3,1.5,1255,1374,3.0,0,0,3,7,1255,0,2004,0,47.7145,-122.311,1307,1232
489297.04920836596,20141124,331000.0,3,1.75,1300,9079,1.0,0,0,3,7,1300,0,1986,0,47.4834,-122.159,1890,7369
388553.49155900674,20140514,306000.0,3,1.5,1220,1086,3.0,0,0,3,8,1220,0,2007,0,47.7049,-122.353,1220,1422
562221.8965948637,20140930,655000.0,4,2.5,2630,4000,3.0,0,0,3,8,2630,0,2002,0,47.6915,-122.381,1640,4000
834655.643791903,20140802,1250000.0,4,3.25,3160,5000,2.0,0,0,5,9,2360,800,1965,0,47.6597,-122.274,2220,4000
620587.6068019925,20140616,460000.0,3,1.75,1550,4708,1.0,0,0,4,7,860,690,1949,0,47.6759,-122.286,1880,5600
625353.5680618046,20140912,435000.0,4,2.5,1700,6380,1.0,0,0,4,7,850,850,1940,0,47.6988,-122.319,1380,6380
886526.829429153,20150316,664000.0,4,2.75,2510,11880,1.0,0,0,5,8,1630,880,1978,0,47.5427,-122.181,2390,11211
938013.4852386751,20140729,865000.0,4,1.75,1800,4180,2.0,0,3,4,8,1800,0,1921,0,47.6462,-122.318,2180,4620
523182.4037948479,20140718,497000.0,3,2.25,1870,9315,1.0,0,0,3,7,1350,520,1975,0,47.705,-122.202,2230,9579
434823.3949985198,20140623,280000.0,2,1.0,1010,3000,1.0,0,0,4,7,1010,0,1925,0,47.4965,-121.785,1150,7000
307501.0678454812,20150127,188000.0,2,1.5,1120,17487,1.0,0,0,3,6,1120,0,1924,0,47.5024,-122.271,1690,8056
570274.3419168495,20140930,478500.0,3,1.0,2090,4755,1.0,0,2,3,8,1200,890,1969,0,47.5304,-122.387,1850,5300
536604.2937770317,20140731,1145000.0,4,3.5,4370,18361,2.0,0,0,3,11,4370,0,2001,0,47.544,-121.872,4190,13641
287162.4981957411,20140815,222000.0,3,2.0,1440,7187,1.0,0,0,4,7,970,470,1981,0,47.291,-122.368,1440,7187
662738.3124233643,20140528,799000.0,4,3.0,2580,209523,2.0,0,0,3,8,2580,0,1984,0,47.6932,-122.006,3440,213444
326181.6035592653,20141016,413000.0,4,3.5,2380,5809,2.0,0,0,4,7,1750,630,1995,0,47.5536,-122.359,1620,5775
618832.1689645355,20141013,400000.0,4,1.0,1420,4875,1.5,0,0,3,7,1420,0,1930,0,47.6942,-122.321,1110,5413
885031.7005636416,20150105,802541.0,5,2.75,2990,6768,2.0,0,0,3,9,2990,0,2014,0,47.5462,-122.182,2870,6768
287162.4981957411,20140519,320000.0,3,2.5,2680,7757,2.0,0,0,3,8,2680,0,1990,0,47.2918,-122.346,2430,8231
539575.7336805568,20150311,507000.0,4,2.5,2730,7649,2.0,0,0,3,7,2730,0,2006,0,47.5441,-121.882,2730,6216
585525.1767721627,20150224,396000.0,3,1.0,1500,12616,1.0,0,0,3,7,1500,0,1967,0,47.7415,-122.101,1820,13950
300463.9615421509,20140821,373000.0,3,1.75,1830,11788,1.0,0,1,3,8,1430,400,1958,0,47.4862,-122.224,2140,11964
1194366.6606168754,20140923,1484900.0,5,2.5,4570,19252,2.0,0,0,5,10,4570,0,1965,0,47.5553,-122.22,3180,13314
349221.34267604846,20140721,359900.0,4,2.25,2470,7698,2.0,0,0,3,8,2470,0,1983,0,47.4406,-122.141,2330,7986
617048.9293987498,20150304,410000.0,2,1.0,800,4342,1.0,0,0,3,6,670,130,1927,0,47.6997,-122.316,1210,4343
662738.3124233643,20140712,690000.0,4,2.5,2900,23488,2.0,0,0,3,9,2900,0,1992,0,47.6726,-122.03,2900,34589
312970.38290991395,20140610,225000.0,3,1.75,1760,26055,1.0,0,0,3,7,920,840,1979,0,47.3664,-122.1,1350,13475
1332756.2913911662,20141009,980000.0,4,2.25,2240,11034,2.0,0,0,3,8,2240,0,1976,0,47.5894,-122.195,2300,11550
417923.5563026169,20150504,195000.0,2,1.0,820,5100,1.0,0,0,3,6,820,0,1953,0,47.5156,-122.262,1170,5304
825244.467933136,20141103,480000.0,4,2.0,2180,10575,1.0,0,0,2,6,1730,450,1950,0,47.589,-122.177,2180,12010
825739.0619116657,20141219,485000.0,4,2.0,1400,3600,1.0,0,0,3,7,1100,300,1900,0,47.6385,-122.37,1630,2048
277417.4995669257,20140815,130000.0,2,1.0,880,9000,1.0,0,0,3,5,880,0,1928,0,47.4672,-122.291,1410,10000
511750.94298781455,20150413,440000.0,3,1.75,1530,7245,1.0,0,0,4,7,1530,0,1984,0,47.731,-122.191,1530,7490
310744.36681459023,20140701,530000.0,3,2.5,3660,39478,2.0,0,2,4,9,3260,400,1989,0,47.2413,-121.972,2700,38312
299579.4543348122,20140625,390000.0,4,2.5,2340,8548,2.0,0,0,3,8,2340,0,1993,0,47.4206,-122.183,1970,6818
277831.8514821406,20140908,243000.0,3,1.75,1450,12125,1.0,0,0,4,7,1450,0,1981,0,47.3575,-122.28,1210,12125
685986.6433110996,20140722,639000.0,4,2.5,2210,9875,2.0,0,0,3,9,2210,0,1990,0,47.6285,-122.025,2440,8799
287964.3794417512,20140918,215000.0,4,1.0,1130,7400,1.0,0,0,4,7,1130,0,1969,0,47.3437,-122.316,1540,7379
414816.54958138935,20140715,405500.0,3,1.5,1010,8108,1.0,0,0,5,7,1010,0,1954,0,47.7359,-122.309,1300,8108
455838.75957867753,20140728,452000.0,6,2.25,2660,13579,2.0,0,0,3,7,2660,0,1937,1990,47.7142,-122.286,1120,8242
411553.2490850453,20150414,267000.0,3,2.0,1300,9644,1.0,0,0,3,7,1300,0,1994,0,47.3131,-121.998,1430,9656
583812.6335823443,20140728,565000.0,2,1.0,960,4080,1.0,0,0,5,7,960,0,1911,0,47.6893,-122.349,1300,4080
799857.1655741497,20140808,1578000.0,4,3.25,4670,51836,2.0,0,0,4,12,4670,0,1988,0,47.635,-122.164,4230,41075
657972.6854418354,20150420,636000.0,3,2.5,2140,2770,2.0,0,0,3,8,1770,370,2007,0,47.6664,-122.131,2510,2708
347845.57241357997,20140604,320000.0,3,1.5,1650,9380,1.0,0,0,5,7,1130,520,1978,0,47.4525,-122.162,1720,8856
308517.18681862217,20140613,210000.0,2,1.75,1440,5680,1.0,0,0,4,8,1440,0,1978,0,47.3825,-122.319,1320,3547
423946.9998844535,20140910,245000.0,2,1.0,1050,5900,1.0,0,0,3,7,1050,0,1950,0,47.5326,-122.376,1280,5900
489297.04920836596,20141106,328000.0,3,1.75,1470,7650,1.0,0,0,3,7,1130,340,1983,0,47.4818,-122.161,1590,7500
302971.5241449472,20140612,501000.0,3,1.75,1970,7972,1.0,0,3,5,8,1370,600,1976,0,47.4908,-122.225,2460,9796
436262.8984742922,20140917,315000.0,3,2.25,1540,17424,2.0,0,0,3,7,1540,0,1992,0,47.4429,-121.759,1560,11439
427715.988107843,20140508,403000.0,3,2.75,2090,8354,2.0,0,0,3,8,2090,0,2012,0,47.7336,-121.965,2280,6348
291212.7109591785,20150113,347500.0,4,2.5,2156,3562,2.0,0,0,3,9,2156,0,2012,0,47.3591,-122.201,1708,3539
885031.7005636416,20140820,605000.0,3,1.75,1920,7400,1.0,0,0,4,8,1260,660,1977,0,47.5633,-122.131,2360,8048
287724.44041795074,20141119,233000.0,3,2.0,1400,9177,1.0,0,0,3,7,1400,0,1974,0,47.3415,-122.272,2020,8547
290868.7969629659,20140728,360000.0,4,2.5,2210,17715,2.0,0,0,3,8,2210,0,1997,0,47.3818,-122.2,2210,16907
703577.0281380588,20140917,305000.0,3,1.0,1160,9750,1.0,0,0,3,7,1160,0,1967,0,47.7422,-122.073,1160,9650
483360.10385668697,20150123,560000.0,4,2.5,2940,6000,2.0,0,0,3,8,2940,0,2000,0,47.7533,-122.198,2510,6600
635348.1947362704,20140714,650000.0,4,1.75,2010,5070,1.0,0,1,4,7,1300,710,1963,0,47.5793,-122.402,2180,5400
449530.78891727,20140605,449950.0,3,2.5,2170,4912,2.0,0,0,3,7,2170,0,2003,0,47.7767,-122.239,2010,4395
556994.1811555732,20150224,517500.0,3,1.5,1430,5200,1.0,0,3,4,7,1250,180,1940,0,47.6988,-122.387,2210,6240
511750.94298781455,20140903,435000.0,4,1.5,1510,6460,1.0,0,0,3,7,1070,440,1970,0,47.7121,-122.214,1450,6630
351665.359991138,20140730,447000.0,3,1.0,1370,6001,1.0,0,0,5,7,1230,140,1944,0,47.5646,-122.317,1370,5520
656678.3044756689,20140828,699800.0,2,2.5,2380,6600,1.0,0,0,3,8,2380,0,2010,0,47.717,-122.02,1870,6600
1048529.0666557761,20140603,850000.0,3,1.75,1370,3850,1.0,0,0,5,7,770,600,1911,1988,47.6374,-122.279,1390,3600
289248.5383911037,20140902,316500.0,3,1.75,1600,14250,1.0,0,0,3,7,1070,530,1979,0,47.3272,-122.355,2140,14960
886526.829429153,20140715,942500.0,5,3.5,3750,9612,1.0,0,2,4,9,2030,1720,1981,0,47.5511,-122.157,3270,9688
622458.057274902,20150121,1310000.0,2,2.25,3950,3938,2.0,0,4,3,10,2910,1040,1991,0,47.5912,-122.384,3220,4500
814037.9556919476,20150202,856600.0,4,2.25,2400,13430,1.0,0,0,4,9,2400,0,1964,0,47.5987,-122.178,2580,10077
417923.5563026169,20141024,405600.0,5,1.5,2830,4000,2.5,0,0,4,8,2830,0,1918,0,47.5132,-122.262,1480,4000
658494.8718418806,20140529,565000.0,4,2.5,2440,22594,2.0,0,0,3,8,2440,0,1996,0,47.6333,-121.97,2560,33341
619726.9661858212,20140911,400000.0,3,2.25,1190,1149,2.0,0,0,3,8,1050,140,2008,0,47.5818,-122.387,1210,1316
437745.9523092522,20150324,330000.0,3,2.0,1400,218252,1.0,0,0,3,7,1400,0,1997,0,47.7576,-121.934,2230,218222
362073.8055065062,20150227,374950.0,4,2.75,2730,4683,2.0,0,0,3,7,2730,0,2005,0,47.3608,-122.043,2230,4924
676364.4931522439,20141104,560000.0,3,2.25,2060,31400,2.0,0,0,3,8,2060,0,1984,0,47.6216,-122.056,2160,34500
1255565.8644629337,20150324,824000.0,4,2.25,2490,9864,1.0,0,0,4,8,1290,1200,1961,0,47.6051,-122.195,2360,9864
316165.3168660254,20140716,260000.0,3,1.75,1100,10968,1.0,0,0,5,7,1100,0,1984,0,47.363,-122.08,1400,7799
618832.1689645355,20150107,760000.0,4,2.5,2430,6099,1.0,0,0,5,8,1470,960,1965,0,47.6777,-122.287,2180,6099
286297.7473660847,20140624,405000.0,3,2.5,3170,12750,2.0,0,0,3,10,2360,810,1995,0,47.3384,-122.336,2970,13125
343997.9340612787,20140619,429900.0,4,2.5,2640,8625,2.0,0,0,3,8,2640,0,1987,0,47.4598,-122.15,2240,8700
423019.30327316886,20141113,341500.0,3,1.5,1130,7223,1.0,0,0,4,7,1130,0,1961,0,47.5089,-122.189,1320,7356
702733.2855818805,20140612,465250.0,5,2.0,1940,7642,1.5,0,0,3,7,1940,0,1957,0,47.7751,-122.38,1940,8724
570066.2802816714,20140506,450000.0,2,2.0,1100,3000,1.5,0,0,3,7,1100,0,1912,2005,47.6797,-122.362,1390,4000
886526.829429153,20150209,390000.0,3,1.0,1200,10800,1.0,0,0,4,7,1200,0,1955,0,47.5771,-122.144,1370,9950
655703.3170030568,20140502,420000.0,3,2.25,2000,8030,1.0,0,0,4,8,1000,1000,1963,0,47.6188,-122.114,2070,8250
646034.169424254,20141016,493000.0,4,2.0,1910,2874,1.0,0,0,3,7,1060,850,1910,0,47.6101,-122.295,1520,2874
320875.0191214165,20140515,370000.0,4,2.5,2710,5880,2.0,0,0,3,9,2710,0,1998,0,47.3314,-122.172,2520,6000
1092512.0127976008,20140612,2250000.0,5,4.25,4860,9453,1.5,0,1,5,10,3100,1760,1905,0,47.6196,-122.286,3150,8557
496810.3634084283,20150225,305000.0,3,1.0,1250,23680,1.0,0,0,5,7,1250,0,1967,0,47.475,-122.11,1450,23680
523182.4037948479,20140612,400000.0,3,1.75,1590,8219,1.5,0,0,5,6,970,620,1938,0,47.7146,-122.217,2030,7504
381258.5762835626,20141118,320000.0,3,1.5,1240,1221,2.0,0,0,3,8,1050,190,2009,0,47.7073,-122.356,1180,887
576586.6124757979,20150121,715000.0,4,1.0,2000,4800,2.0,0,0,4,7,2000,0,1911,0,47.6583,-122.351,1260,1452
650739.6422435369,20141202,650000.0,6,2.75,3610,10003,1.5,0,0,4,8,3610,0,1966,0,47.6261,-122.125,2560,10004
287162.4981957411,20150304,218000.0,5,1.75,1930,8040,1.0,0,0,4,8,1930,0,1966,0,47.3109,-122.376,2370,8000
572984.7232962148,20150415,500000.0,2,1.0,1280,5400,1.0,0,0,3,7,1280,0,1964,0,47.6949,-122.371,1540,5670
603450.1873367343,20141120,460000.0,4,2.0,2090,40419,1.0,0,0,4,7,2090,0,1984,0,47.4691,-121.993,2380,63162
294877.0280239129,20140709,232500.0,3,1.5,1940,9887,1.0,0,0,4,7,1140,800,1969,0,47.3289,-122.327,1410,9936
321331.3263290098,20140516,408200.0,3,2.5,1800,5761,2.0,0,0,4,7,1800,0,1990,0,47.5293,-122.363,1800,5952
655041.9606132031,20140611,522000.0,3,1.75,1730,8400,1.0,0,0,4,7,1400,330,1980,0,47.6792,-122.115,1830,8636
694152.0749194708,20140623,675000.0,4,2.5,2810,11120,2.0,0,0,3,9,2810,0,1982,0,47.6337,-122.044,3100,12672
885031.7005636416,20140709,1355000.0,4,3.5,3550,11000,1.0,0,2,3,11,2260,1290,1999,0,47.5506,-122.134,4100,10012
242266.86928787362,20141009,249950.0,4,1.0,1330,7980,1.5,0,0,3,6,1330,0,1952,0,47.492,-122.333,1570,8588
242266.86928787362,20150304,210000.0,2,1.0,750,34133,1.0,0,0,3,6,750,0,1950,0,47.4781,-122.294,1460,25792
660060.3706162202,20141006,737500.0,4,2.5,3200,36276,2.0,0,0,3,9,3200,0,1993,0,47.6304,-121.994,2930,33171
792005.9438432184,20140926,710000.0,4,2.0,1740,9000,1.0,0,0,5,8,1740,0,1958,0,47.6815,-122.198,1850,7700
539336.9822729103,20141020,470000.0,3,2.5,2100,4700,2.0,0,0,3,8,2100,0,1999,0,47.5341,-121.867,2100,4700
703577.0281380588,20150224,1100000.0,4,3.5,4270,40097,1.0,0,0,4,12,4270,0,1993,0,47.7354,-122.078,3510,36149
583812.6335823443,20140815,650000.0,3,2.0,1340,2720,1.5,0,0,3,7,1340,0,1913,0,47.6518,-122.335,2030,4590
885031.7005636416,20140519,1216000.0,4,2.5,3190,8684,1.0,0,3,5,9,1680,1510,1967,0,47.5619,-122.162,3160,8684
518179.2889106424,20150115,422120.0,3,2.5,1630,4534,2.0,0,0,3,8,1630,0,1987,0,47.7148,-122.205,1380,4779
414735.55882595433,20140606,385200.0,4,1.0,1550,7740,1.5,0,0,3,6,1550,0,1954,0,47.5222,-122.375,1220,7740
612793.6173133849,20150414,500000.0,3,2.25,1690,4964,2.0,0,0,3,8,1690,0,1989,0,47.5756,-122.01,1800,5036
310337.38058627525,20141118,308000.0,4,2.25,1960,12243,2.0,0,0,3,8,1960,0,1989,0,47.3405,-122.058,1910,12230
873422.414211908,20140605,565000.0,3,2.75,2390,9966,1.0,0,0,5,8,1360,1030,1977,0,47.5433,-122.185,2140,10713
660060.3706162202,20140908,581000.0,3,2.5,2600,4438,2.0,0,0,3,7,2600,0,2004,0,47.6799,-122.034,2600,4904
310337.38058627525,20140806,361000.0,3,2.0,1950,8698,1.0,0,0,3,8,1950,0,1999,0,47.39,-122.153,2330,7212
650739.6422435369,20150122,345000.0,3,1.0,1250,7210,1.0,0,0,4,7,1250,0,1964,0,47.6329,-122.121,1530,8800
644002.7676625482,20141016,419000.0,2,2.25,1180,1253,2.0,0,0,3,8,840,340,2008,0,47.6124,-122.309,1310,1963
810493.2222311941,20141022,625000.0,4,2.25,2220,36085,2.0,0,0,3,9,2220,0,1989,0,47.5839,-121.991,3000,36906
1173831.058663754,20150325,2400000.0,4,4.25,4890,15188,2.0,0,2,3,11,3090,1800,1999,0,47.5602,-122.227,3470,16201
444561.46304149524,20141223,379000.0,3,3.25,2660,17852,2.5,0,0,3,8,2660,0,2014,0,47.3077,-122.011,1320,11876
612505.075579884,20141222,310000.0,3,1.5,1150,3323,2.0,0,0,3,7,1150,0,1988,0,47.5707,-122.017,1150,2980
489297.04920836596,20140814,682000.0,5,2.75,2760,5000,2.0,0,0,3,9,2760,0,2005,0,47.539,-122.188,2870,5030
299579.4543348122,20140806,310950.0,4,2.5,2030,4997,2.0,0,0,3,8,2030,0,2004,0,47.393,-122.184,2095,5500
771173.414999525,20140901,1100000.0,3,2.0,3010,5000,2.0,0,2,5,9,1890,1120,1931,0,47.6347,-122.396,2688,5000
385907.80820247653,20141002,287500.0,3,1.0,1810,7200,1.0,0,0,4,7,1130,680,1954,0,47.7493,-122.351,1810,8100
386953.59781931347,20150218,431000.0,3,1.0,1810,7200,1.0,0,0,4,7,1130,680,1954,0,47.7493,-122.351,1810,8100
422722.86397146,20140822,226000.0,3,1.0,970,5000,1.0,0,0,3,6,970,0,1968,0,47.5282,-122.279,1290,5875
240360.43284918432,20140911,175000.0,4,1.0,1300,6030,1.5,0,0,3,6,1300,0,1947,0,47.4778,-122.286,1240,6900
618832.1689645355,20150210,595000.0,3,1.75,1910,5753,1.0,0,3,3,8,1110,800,1941,0,47.6898,-122.327,1630,5580
343584.47810641496,20140626,350000.0,3,2.25,1780,16290,2.0,0,0,4,8,1780,0,1987,0,47.4622,-122.127,1780,8810
288380.5648874704,20140606,270000.0,4,2.25,1900,8600,1.0,0,0,4,8,1900,0,1975,0,47.3102,-122.381,2120,8000
277831.8514821406,20141120,249900.0,3,1.75,1380,14000,1.0,0,0,4,5,1380,0,1939,1957,47.294,-122.281,1490,18503
287162.4981957411,20150317,324500.0,3,1.75,1920,11340,1.0,0,0,4,7,1230,690,1977,0,47.3272,-122.362,1980,9638
671650.574529007,20150513,419950.0,2,1.75,1350,4003,1.0,0,0,3,8,1350,0,2004,0,47.7176,-122.033,1350,4479
242074.57651249997,20140728,285000.0,4,1.75,2510,7440,1.0,0,2,4,8,1290,1220,1962,0,47.3748,-122.276,1790,8000
320875.0191214165,20150107,332000.0,4,2.5,2470,7780,2.0,0,0,3,8,2470,0,2002,0,47.3337,-122.191,2100,5972
242266.86928787362,20141215,282000.0,4,1.75,1660,10725,1.0,0,0,3,7,960,700,1956,0,47.5033,-122.3,1340,9023
886526.829429153,20140509,428750.0,3,1.0,1620,30736,1.5,0,0,4,7,1620,0,1911,1977,47.5719,-122.119,2440,28826
500247.1860575023,20140509,352000.0,3,2.25,1640,11050,1.0,0,0,4,8,1640,0,1972,0,47.4723,-122.121,1870,11050
834655.643791903,20141125,664000.0,4,2.0,1530,4080,1.5,0,0,4,7,1530,0,1912,0,47.6645,-122.325,1860,4080
492643.72484206257,20140722,628000.0,3,1.75,4000,11894,1.0,0,0,3,9,2190,1810,1987,0,47.7738,-122.203,2530,8650
657972.6854418354,20150304,512000.0,3,1.75,1610,12555,1.0,0,0,3,7,1080,530,1977,0,47.6618,-122.136,1780,10374
287162.4981957411,20141211,254000.0,3,2.0,2070,9000,1.0,0,0,4,7,1450,620,1969,0,47.3085,-122.376,1630,7885
612505.075579884,20140521,535800.0,4,2.5,1900,5790,2.0,0,0,3,8,1900,0,1994,0,47.5691,-121.996,2030,5790
362073.8055065062,20141010,287653.0,3,1.0,1050,16050,1.0,0,0,4,7,1050,0,1960,1981,47.3841,-122.006,1610,27600
453560.9750343579,20140716,450000.0,4,1.75,2390,23899,1.0,0,0,3,7,1750,640,1949,0,47.7557,-122.237,1840,33900
320982.2711356203,20140627,327000.0,5,2.75,2400,8050,2.0,0,0,3,8,2400,0,1998,0,47.2635,-122.209,2400,8050
489297.04920836596,20140812,370500.0,4,2.5,1790,6120,2.0,0,0,3,7,1790,0,2005,0,47.4829,-122.128,1950,5660
424281.6049986352,20150310,450000.0,4,2.75,2980,13260,1.0,0,0,4,8,1800,1180,1979,0,47.5152,-122.197,1920,10731
614962.0801520201,20140627,425000.0,3,1.0,1520,213444,1.5,0,3,5,8,1520,0,1988,0,47.5081,-122.093,2640,213444
313702.61375263124,20141113,166600.0,3,1.75,1150,8690,1.0,0,0,4,7,1150,0,1977,0,47.3729,-122.115,1330,7040
241635.48270414182,20140620,245000.0,1,0.75,380,15000,1.0,0,0,3,5,380,0,1963,0,47.481,-122.323,1170,15000
618832.1689645355,20150508,565000.0,3,1.0,910,5212,1.0,0,0,3,7,910,0,1951,0,47.6742,-122.284,1520,6300
565208.5808998892,20150303,910000.0,3,3.5,2480,3200,2.0,0,0,3,10,2480,0,2010,0,47.5951,-122.307,1980,3200
319564.07735553844,20141104,280000.0,4,2.5,2050,7416,2.0,0,0,3,8,2050,0,1990,0,47.2658,-122.219,2050,7920
360232.0349922844,20150313,275000.0,3,2.25,1420,8549,2.0,0,0,4,7,1420,0,1989,0,47.3576,-122.039,1560,7471
612793.6173133849,20140731,457500.0,3,2.5,1500,4445,2.0,0,0,3,8,1500,0,1996,0,47.5682,-122.005,1730,4408
407720.1792337176,20141226,381156.0,2,1.0,1320,3090,1.0,0,0,4,7,1320,0,1908,0,47.5517,-122.276,1270,4120
319564.07735553844,20150423,289999.0,5,2.5,2180,8240,1.0,0,0,4,8,1220,960,1977,0,47.3122,-122.191,2050,7590
556875.0665252504,20150422,642450.0,3,1.75,1830,4160,1.0,0,0,3,7,1230,600,1919,0,47.5962,-122.288,1950,4160
598343.793700693,20140919,469950.0,3,2.25,1620,8701,1.0,0,0,3,7,1220,400,1962,0,47.6071,-122.137,1600,7910
792005.9438432184,20150305,795000.0,3,2.0,2920,13650,1.0,0,2,5,8,1460,1460,1975,0,47.6652,-122.188,2920,10988
676364.4931522439,20150211,785000.0,4,2.5,3300,10514,2.0,0,0,3,10,3300,0,1984,0,47.6323,-122.036,2820,11462
885231.261003273,20140530,860000.0,3,2.25,3060,12095,2.0,0,0,3,10,3060,0,1983,0,47.5611,-122.106,3060,11455
304822.1311352025,20150213,147500.0,3,1.0,1530,8498,1.0,0,0,3,7,1530,0,1959,0,47.404,-122.203,1380,8498
483360.10385668697,20141125,390000.0,3,2.0,1910,11576,1.0,0,0,3,7,1410,500,1978,0,47.7356,-122.198,2040,8750
242266.86928787362,20140515,185000.0,3,1.0,1150,8100,1.0,0,0,3,6,1150,0,1932,0,47.494,-122.307,1120,8100
620587.6068019925,20140826,414900.0,3,1.5,1260,9570,1.0,0,0,3,7,870,390,1941,0,47.7004,-122.305,1620,7000
565189.0435677577,20150212,200000.0,4,2.0,1920,4822,1.0,0,0,2,6,920,1000,1914,0,47.5507,-122.381,1120,4822
331607.5228762779,20141021,225000.0,4,2.25,1800,9350,1.0,0,0,3,8,1800,0,1969,0,47.2959,-122.191,2060,8800
838055.5307890677,20140912,720000.0,3,1.75,2040,4000,2.0,0,0,5,7,1360,680,1924,0,47.6675,-122.289,1610,4000
1321281.9735942346,20140604,1270000.0,5,2.5,3200,17204,1.0,0,0,3,7,2160,1040,1952,0,47.6209,-122.222,4090,15732
660030.4610443852,20141111,700000.0,5,3.25,2400,3118,2.0,0,0,4,7,1780,620,1928,0,47.6094,-122.291,2100,3941
573734.3095087736,20140715,466000.0,2,1.5,1140,1058,3.0,0,0,3,7,1140,0,2005,0,47.6608,-122.333,1170,1116
483360.10385668697,20140825,374000.0,3,1.5,1330,10640,1.0,0,0,3,7,1330,0,1976,0,47.7364,-122.193,1460,8520
577967.1083293719,20140716,480000.0,3,2.5,1940,10035,2.0,0,0,4,8,1940,0,1994,0,47.7438,-122.172,2810,8333
662738.3124233643,20140610,740000.0,3,2.5,3000,25341,2.0,0,0,3,9,3000,0,1995,0,47.6724,-122.013,3000,32417
313702.61375263124,20140530,395000.0,4,2.5,2910,5000,2.0,0,0,3,8,2910,0,2002,0,47.3782,-122.127,2740,5045
319472.67757481214,20140725,340000.0,2,1.0,1090,6771,1.0,0,0,3,6,1090,0,1954,0,47.5185,-122.352,1200,4992
316169.3450608496,20140811,209000.0,3,2.0,1230,1340,2.0,0,0,3,7,1020,210,2003,0,47.526,-122.361,1260,1312
604893.7396616688,20141114,431650.0,5,2.5,1710,7700,1.5,0,0,3,7,1710,0,1962,0,47.5922,-122.146,1530,7700
669797.4083356387,20140805,660000.0,3,2.5,2680,28243,2.0,0,0,3,9,2680,0,1993,0,47.7637,-122.05,2670,32130
313702.61375263124,20150414,291500.0,3,1.75,1260,9600,1.0,0,0,4,7,1260,0,1988,0,47.3592,-122.076,1640,9946
697752.1680499781,20140811,800000.0,4,2.5,2570,50308,1.5,0,0,3,10,2570,0,1993,0,47.7418,-122.039,3420,37891
343997.9340612787,20150218,300000.0,3,2.0,1480,6698,1.0,0,0,4,7,1080,400,1979,0,47.4614,-122.168,1850,7348
617048.9293987498,20140603,530000.0,3,1.75,1250,6041,1.5,0,0,5,7,1250,0,1942,0,47.69,-122.304,1180,6042
362073.8055065062,20150326,314950.0,3,2.25,1654,8479,2.0,0,0,3,7,1654,0,1995,0,47.3627,-122.037,1654,8479
566399.2522612505,20141016,550000.0,5,2.75,2160,5720,1.0,0,0,5,7,1500,660,1950,0,47.5728,-122.304,2160,4996
553298.3476289251,20140806,435000.0,3,1.0,1400,4800,1.0,0,0,4,6,700,700,1917,0,47.5499,-122.391,1470,6000
239310.16133965823,20141124,234000.0,3,1.75,1420,8738,1.0,0,0,4,7,1420,0,1966,0,47.3113,-122.207,1660,8738
277831.8514821406,20140910,205000.0,3,2.0,1410,8384,1.0,0,0,3,7,1410,0,1985,0,47.3315,-122.263,1410,9205
321331.3263290098,20140919,384000.0,4,1.75,2100,7135,1.0,0,0,4,7,1050,1050,1955,0,47.5353,-122.349,1730,4000
300463.9615421509,20140522,324000.0,3,2.5,1750,7208,2.0,0,0,3,8,1750,0,1994,0,47.4315,-122.192,2050,7524
625353.5680618046,20140722,645000.0,3,1.75,2070,5500,1.0,0,0,4,7,1130,940,1946,0,47.6733,-122.301,1800,4400
555535.0546690192,20141023,570000.0,3,3.25,1570,1777,2.0,0,0,3,8,1260,310,2007,0,47.6655,-122.369,1000,1777
299579.4543348122,20141210,324000.0,3,2.5,1920,5322,2.0,0,0,3,8,1920,0,1999,0,47.4095,-122.195,1920,5000
321331.3263290098,20140828,270000.0,2,1.0,1000,10320,1.0,0,0,3,6,1000,0,1943,0,47.527,-122.356,1100,5160
343997.9340612787,20140519,290000.0,5,1.5,2120,7700,1.5,0,0,5,7,2120,0,1962,0,47.4599,-122.172,1730,7700
308158.29216593615,20140630,250000.0,3,2.0,1440,9220,1.0,0,0,3,7,1440,0,1965,0,47.3702,-122.317,1390,7830
288536.84614686045,20150318,255000.0,3,1.5,1340,8450,1.0,0,0,4,7,1340,0,1958,0,47.4405,-122.28,1340,8920
1210705.151845095,20140623,800000.0,3,2.25,2380,11824,1.0,0,0,4,9,1450,930,1972,0,47.5371,-122.218,2750,11491
412447.0433184964,20140516,451000.0,3,1.75,1560,4049,1.5,0,2,3,7,1000,560,1926,0,47.5666,-122.375,1430,3738
792005.9438432184,20141203,990000.0,4,2.5,2780,10480,1.0,0,3,3,7,1390,1390,1967,0,47.6597,-122.204,2860,10506
349221.34267604846,20140808,390000.0,4,3.0,2570,262018,1.0,0,0,3,7,1420,1150,1988,0,47.4417,-122.09,2260,19811
523182.4037948479,20150305,545000.0,5,2.5,2520,7863,1.0,0,0,3,7,1500,1020,1981,0,47.7096,-122.199,2030,8580
430759.634588788,20150408,288349.0,3,1.0,1250,18616,1.0,0,0,4,6,1250,0,1972,0,47.3414,-122.047,1920,15654
556994.1811555732,20150331,1200000.0,3,2.0,3660,22410,1.0,0,3,4,9,1830,1830,1947,0,47.6972,-122.4,2680,8250
310337.38058627525,20141007,253000.0,3,2.5,2020,6564,1.0,0,0,3,7,1310,710,1994,0,47.3545,-122.158,1710,5151
623316.0607460955,20150120,350000.0,3,2.25,1580,47916,1.0,0,0,3,7,1580,0,1979,0,47.5583,-121.852,1980,75358
571029.5251562481,20150311,565000.0,4,3.0,2020,4300,1.5,0,0,3,6,2020,0,1900,0,47.6653,-122.372,1290,3440
422722.86397146,20140612,315000.0,2,1.0,970,5665,1.0,0,0,4,6,970,0,1908,0,47.5513,-122.273,1490,4429
561031.7278653833,20141022,570000.0,4,3.0,1490,6766,1.5,0,1,5,7,1490,0,1915,0,47.5446,-122.382,1990,6526
459937.3676784561,20140811,971000.0,5,3.5,4390,10140,2.0,0,0,3,9,3350,1040,2005,0,47.7174,-122.282,2010,8400
1048529.0666557761,20140828,915000.0,5,2.5,2750,5589,1.5,0,0,5,9,1840,910,1910,0,47.6364,-122.3,1460,4250
445647.8213606365,20150112,419000.0,4,1.5,2150,23568,1.0,0,0,4,7,2150,0,1950,0,47.4522,-122.355,2150,10125
292569.2609091125,20150209,260000.0,4,1.75,1810,7480,1.0,0,0,3,7,1230,580,1977,0,47.3275,-122.361,1870,9594
1332756.2913911662,20150408,1321500.0,3,3.0,2230,12968,2.0,0,0,3,9,2230,0,1990,0,47.6271,-122.197,2260,10160
434883.3949127673,20150306,369950.0,3,1.0,2430,10720,1.0,0,0,3,7,2430,0,1977,0,47.4895,-121.787,1660,11560
886526.829429153,20141015,1029900.0,3,2.5,3680,13384,2.0,0,0,3,10,3680,0,1994,0,47.5484,-122.119,3600,11306
453257.1486906921,20150325,601000.0,3,1.75,1330,6743,1.0,0,0,3,8,1330,0,1958,2002,47.7012,-122.286,2600,7350
799651.4021460296,20140716,460500.0,3,1.0,1490,10650,1.0,0,0,3,7,1150,340,1963,0,47.663,-122.178,1730,9800
785766.9388616487,20150421,851000.0,4,2.5,3130,13202,2.0,0,0,3,10,3130,0,1996,0,47.5878,-121.976,2840,10470
412447.0433184964,20140904,550000.0,4,3.0,2670,5000,2.0,0,2,3,7,2670,0,1916,1978,47.5784,-122.377,2300,5000
573734.3095087736,20150323,700000.0,4,1.0,1980,4560,1.5,0,0,3,7,1980,0,1920,0,47.6606,-122.331,1810,3245
310337.38058627525,20140908,323000.0,3,1.75,2100,14850,1.0,0,0,4,7,2100,0,1963,0,47.3622,-122.059,1930,17238
704584.6258309436,20140922,345500.0,3,1.0,1350,8581,1.0,0,0,5,6,1350,0,1944,0,47.7612,-122.362,2080,8451
676364.4931522439,20150413,385000.0,3,2.0,1010,7380,1.0,0,0,3,7,1010,0,1982,0,47.6273,-122.062,1650,9030
669797.4083356387,20140528,630000.0,4,2.5,2740,43101,2.0,0,0,3,9,2740,0,1993,0,47.7649,-122.049,2740,33447
353505.3110166417,20140730,335000.0,3,1.75,1570,7500,1.0,0,1,3,7,1300,270,1953,0,47.4999,-122.368,1590,7660
277831.8514821406,20140625,196500.0,3,1.0,1320,9000,1.0,0,0,3,7,1320,0,1966,0,47.3461,-122.272,1320,9800
511750.94298781455,20140623,440000.0,3,1.75,1560,7207,1.0,0,0,3,7,1250,310,1983,0,47.7283,-122.222,1540,7485
779326.9037185308,20140825,752500.0,4,2.25,2360,8616,2.0,0,0,4,8,2360,0,1974,0,47.6495,-122.198,2360,9337
455838.75957867753,20150202,397500.0,3,1.25,1510,13737,1.0,0,3,4,6,810,700,1961,0,47.7289,-122.283,2560,10202
605283.4566611475,20140724,524250.0,3,2.5,1710,3469,2.0,0,0,3,8,1710,0,1999,0,47.546,-122.011,2120,3560
624391.6152501821,20140509,765000.0,4,2.75,2790,10819,2.0,0,0,3,10,2790,0,1996,0,47.5515,-122.08,3080,12603
688898.2086366917,20140806,648000.0,4,2.5,2620,5450,2.0,0,0,3,9,2620,0,2001,0,47.6301,-122.019,2590,5371
299709.69837323576,20140812,469500.0,5,2.5,2970,24759,1.0,0,0,4,8,1670,1300,1969,0,47.3908,-122.173,2100,21803
283528.75941816694,20150121,216000.0,3,1.0,1280,8712,1.0,0,0,4,7,1280,0,1956,0,47.3298,-122.297,1420,8800
415325.84970384446,20150330,427200.0,3,1.0,1030,8400,1.0,0,0,4,7,1030,0,1963,0,47.5364,-122.173,1270,8400
873422.414211908,20150425,718000.0,5,3.0,3070,9804,1.0,0,0,4,9,1740,1330,1968,0,47.5702,-122.128,2550,9689
562221.8965948637,20140916,379000.0,2,1.0,930,5400,1.0,0,0,3,7,930,0,1952,0,47.6971,-122.372,1050,5400
618832.1689645355,20140529,535000.0,3,2.5,1360,1016,3.0,0,0,3,7,1310,50,2003,0,47.6774,-122.324,1365,1156
312037.90314989607,20141001,283000.0,4,2.75,2130,8560,1.0,0,0,3,7,1560,570,1992,0,47.1949,-122.01,2130,8560
242266.86928787362,20140821,260000.0,3,1.0,1480,7469,1.5,0,0,3,6,1120,360,1940,0,47.5048,-122.301,1460,7379
423946.9998844535,20150413,399000.0,4,1.0,1500,6388,1.5,0,0,4,7,1500,0,1951,0,47.5303,-122.378,980,5366
612793.6173133849,20150225,484950.0,3,2.25,1670,5004,2.0,0,0,3,8,1670,0,1987,0,47.5688,-122.017,1850,5276
812851.9240432107,20141013,640000.0,4,1.75,2060,9828,1.0,0,0,4,8,2060,0,1960,0,47.5867,-122.174,2260,9996
618832.1689645355,20150304,585000.0,4,2.5,2160,8158,1.0,0,0,4,8,1660,500,1952,0,47.6948,-122.328,1520,7208
466264.93989348644,20150108,645000.0,4,2.0,2780,11583,1.0,0,3,3,8,1190,1590,1955,0,47.7293,-122.284,2580,10241
361776.01999100216,20140721,178500.0,2,1.0,740,6460,1.0,0,0,3,6,740,0,1953,0,47.5077,-122.344,1170,6975
362073.8055065062,20140821,291000.0,4,2.5,1860,6325,2.0,0,0,4,7,1860,0,1991,0,47.3492,-122.03,1860,6449
282528.4217283847,20140917,199950.0,2,2.75,1590,20917,1.5,0,0,3,5,1590,0,1920,0,47.2786,-122.25,1310,6000
840383.8001748906,20140804,553500.0,2,1.0,850,2340,1.0,0,0,3,7,850,0,1922,0,47.6707,-122.328,1300,3000
287724.44041795074,20140924,289000.0,3,2.0,1850,9550,1.0,0,0,3,8,1850,0,1988,0,47.3225,-122.273,2250,9550
834655.643791903,20150427,700000.0,4,2.0,1830,4590,2.0,0,0,3,8,1830,0,1908,0,47.6593,-122.327,1650,4590
347845.57241357997,20141022,270000.0,3,2.0,1560,8853,1.0,0,0,3,7,1560,0,1967,0,47.4312,-122.171,1610,8750
466264.93989348644,20140614,530000.0,3,2.5,1930,7214,2.0,0,0,3,8,1930,0,2005,0,47.7191,-122.309,1930,7266
331607.5228762779,20141218,245000.0,3,2.25,1422,3677,2.0,0,0,3,7,1422,0,2012,0,47.3204,-122.178,1677,3677
286297.7473660847,20140617,325000.0,4,2.5,2610,7091,2.0,0,0,3,9,2610,0,1987,0,47.3017,-122.349,2610,7773
623316.0607460955,20150402,540000.0,3,2.25,2000,217800,2.0,0,0,3,8,2000,0,1996,0,47.5599,-121.911,2220,217800
583726.3313437372,20141210,280300.0,2,1.0,920,5000,1.0,0,0,4,6,490,430,1949,0,47.7008,-122.338,1500,5000
577967.1083293719,20141212,475000.0,3,1.75,2020,8970,1.0,0,0,4,7,1180,840,1981,0,47.7571,-122.145,2140,8008
617957.069538097,20141230,538200.0,4,3.0,1780,7260,1.0,0,0,4,8,1780,0,1964,0,47.627,-122.114,1810,7920
660030.4610443852,20140909,429000.0,2,1.0,1080,3600,1.0,0,0,3,7,1080,0,1922,0,47.6078,-122.291,2230,4500
306319.98697434517,20140725,164808.0,3,1.0,1250,5411,1.0,0,0,3,7,1250,0,1980,0,47.5064,-122.265,1490,6320
655751.6272844722,20150126,520000.0,4,2.25,1870,7700,2.0,0,0,3,7,1870,0,1977,0,47.6937,-122.127,1970,7700
457645.86879663,20140618,475000.0,3,1.75,1700,8432,1.0,0,0,3,8,1230,470,1977,0,47.7221,-122.317,1800,7842
240360.43284918432,20140926,283000.0,4,1.5,1480,47045,1.0,0,0,5,6,1480,0,1942,0,47.4809,-122.3,1530,11000
291883.96422432835,20150331,321500.0,4,2.5,1930,6228,2.0,0,0,3,8,1930,0,2000,0,47.3572,-122.191,1930,6168
360232.0349922844,20150414,287000.0,3,2.25,1370,6000,2.0,0,0,4,7,1370,0,1992,0,47.3484,-122.033,1370,6200
653814.7240197397,20140605,375000.0,3,1.75,960,8106,1.0,0,0,3,7,960,0,1962,0,47.6737,-122.156,1650,8035
412447.0433184964,20140814,446450.0,3,1.5,1480,7749,1.0,0,0,5,7,1480,0,1960,0,47.5144,-122.379,1140,5320
304443.0082182085,20140610,315000.0,4,2.5,1930,9643,2.0,0,0,4,7,1930,0,1992,0,47.4065,-122.18,1930,7525
291212.7109591785,20140515,245000.0,3,1.75,1490,6930,1.0,0,0,4,7,1490,0,1990,0,47.3682,-122.179,1880,6861
556994.1811555732,20141020,900000.0,4,2.0,1190,8190,1.5,0,0,3,7,1190,0,1945,0,47.6908,-122.397,1190,1567
538340.4306360682,20150417,2450000.0,4,4.25,4250,6552,2.0,0,3,4,10,2870,1380,2008,0,47.5747,-122.283,3640,8841
662738.3124233643,20150429,554000.0,2,2.0,1920,6045,1.0,0,0,3,8,1920,0,2003,0,47.7107,-122.031,1670,5200
280688.21855752653,20140717,249900.0,3,1.75,2080,12522,1.0,0,0,5,6,2080,0,1950,0,47.267,-122.25,1690,11200
362290.8667263699,20150420,395000.0,5,2.5,2070,9600,1.0,0,0,3,7,1270,800,1962,0,47.4997,-122.364,1950,7800
235252.1282677759,20150316,218500.0,2,1.0,1600,8961,1.0,0,0,4,7,1390,210,1949,0,47.3098,-122.21,1502,6798
655751.6272844722,20140502,550000.0,4,2.5,1940,10500,1.0,0,0,4,7,1140,800,1976,0,47.683,-122.114,2200,10500
304390.42451098445,20150317,197500.0,2,1.0,820,8860,1.0,0,0,3,6,820,0,1950,0,47.452,-122.19,1660,15375
781755.5579941646,20140715,470000.0,3,2.25,1780,8784,1.0,0,0,3,7,1230,550,1977,0,47.701,-122.172,1780,7704
658494.8718418806,20150313,590000.0,3,1.75,1560,242629,1.0,0,0,3,7,1560,0,1981,0,47.6493,-121.956,2320,220654
482040.4405076751,20150318,465000.0,4,2.25,2210,8862,1.0,0,0,4,8,1270,940,1977,0,47.7725,-122.198,2030,8862
885031.7005636416,20140825,515000.0,3,2.25,1920,11500,1.0,0,0,3,8,1920,0,1972,2000,47.5498,-122.188,2260,8866
851089.9966700573,20141106,716500.0,3,1.75,1930,5000,1.0,0,0,3,9,1230,700,1936,0,47.6582,-122.278,2300,6000
783688.7021341408,20140517,410000.0,3,2.0,1700,4250,1.0,0,0,3,6,890,810,1944,0,47.6542,-122.385,1440,4250
552010.2391479728,20141022,850000.0,4,3.25,3450,6500,2.0,0,0,3,8,2450,1000,1994,0,47.5437,-122.388,1750,6500
572984.7232962148,20140605,620000.0,4,2.25,2400,5350,1.5,0,0,4,7,1460,940,1929,0,47.6763,-122.37,1250,4880
418660.44930935744,20150202,935000.0,4,4.5,5670,84267,2.0,0,2,3,11,5670,0,2008,0,47.323,-122.044,4100,83729
453257.1486906921,20141230,528000.0,4,2.25,1910,8005,1.0,0,0,3,8,1280,630,1960,0,47.7259,-122.298,1860,8010
423019.30327316886,20150426,425000.0,3,1.75,1560,9452,1.0,0,0,4,8,1560,0,1974,0,47.5197,-122.18,2200,9985
310337.38058627525,20140623,249500.0,2,1.75,1500,8645,1.0,0,0,4,7,1500,0,1963,0,47.3643,-122.115,1220,8645
570274.3419168495,20140813,790000.0,4,2.75,2840,11900,1.0,0,3,4,9,1640,1200,1961,0,47.5271,-122.386,2790,10070
385907.80820247653,20141021,275000.0,3,1.5,1410,9000,1.0,0,0,3,7,1410,0,1953,0,47.7635,-122.35,1910,7214
354123.7523346936,20140725,250000.0,3,1.0,1190,6250,1.0,0,0,3,7,990,200,1954,0,47.5658,-122.292,1760,6434
299479.1170364885,20140903,318000.0,3,2.25,1410,8909,2.0,0,2,3,7,1410,0,1988,0,47.3983,-122.31,2050,8909
800996.1612285014,20140710,505000.0,2,1.0,1240,57000,1.0,0,0,3,7,1240,0,1962,0,47.597,-122.059,3050,25545
886526.829429153,20150417,470500.0,5,2.5,2500,9248,1.0,0,0,3,8,1300,1200,1966,0,47.5415,-122.18,2090,8568
873422.414211908,20150319,1242500.0,4,2.75,2680,8500,1.0,0,4,4,9,1480,1200,1962,0,47.5634,-122.156,2940,8650
561031.7278653833,20150410,986000.0,3,2.5,2380,16080,1.0,0,2,4,9,1340,1040,1964,0,47.5262,-122.386,2560,10070
1085296.6810902685,20150205,515000.0,2,1.0,1060,4228,1.0,0,0,3,7,860,200,1906,0,47.6231,-122.293,1060,4187
242178.31651392026,20150114,320000.0,3,1.75,2300,41900,1.0,0,0,4,8,1310,990,1939,0,47.477,-122.292,1160,8547
306039.35120211757,20150202,310000.0,4,3.0,2010,7426,1.0,0,0,5,7,1090,920,1951,0,47.5042,-122.265,1470,7426
776456.5069877648,20150422,775000.0,4,1.75,2320,5595,1.0,0,0,3,7,1510,810,1956,0,47.6397,-122.388,1840,5596
386953.59781931347,20150421,325000.0,3,1.0,1040,7541,1.0,0,0,3,6,1040,0,1951,0,47.7565,-122.339,1140,6100
308158.29216593615,20141002,208000.0,4,2.75,1810,8677,1.5,0,0,3,7,1810,0,1962,0,47.3668,-122.31,1740,8677
309282.25673591485,20140827,825000.0,2,1.0,1150,12775,1.0,1,4,4,6,1150,0,1908,0,47.502,-122.222,2440,11852
294877.0280239129,20140716,515000.0,3,2.5,2360,11254,1.0,0,2,3,9,2360,0,1990,0,47.3356,-122.333,2390,11254
636799.7493972138,20150127,490000.0,3,1.5,1970,3400,1.5,0,0,4,8,1420,550,1929,0,47.6163,-122.292,1940,4000
349221.34267604846,20150317,500000.0,3,2.75,3410,9360,1.5,0,0,4,8,3410,0,1967,0,47.4497,-122.147,2260,10128
499339.7011693177,20150427,385000.0,4,2.0,1850,11700,1.0,0,0,4,8,1850,0,1969,0,47.4702,-122.12,2110,11700
671650.574529007,20150210,448000.0,3,2.25,1530,3056,2.0,0,0,3,7,1530,0,2003,0,47.6817,-122.035,1560,3064
561031.7278653833,20140714,575000.0,4,1.5,2810,7140,1.0,0,2,3,8,1490,1320,1954,0,47.5252,-122.382,2240,6825
523182.4037948479,20141118,430000.0,3,1.75,1810,7300,1.0,0,0,4,7,1240,570,1976,0,47.7299,-122.192,1460,7560
660060.3706162202,20150114,435000.0,3,2.5,1560,3987,2.0,0,0,3,7,1560,0,2002,0,47.687,-122.043,1600,3152
331607.5228762779,20141219,241000.0,3,1.0,1010,9611,1.0,0,0,4,6,1010,0,1973,0,47.3006,-122.066,1200,9611
385907.80820247653,20150406,285000.0,2,1.5,990,1380,3.0,0,0,3,7,990,0,2001,0,47.7218,-122.356,1050,1380
415325.84970384446,20140528,151000.0,2,1.0,720,4222,1.0,0,0,4,5,720,0,1942,0,47.4965,-122.186,860,4785
496997.9761290952,20141110,1570000.0,5,4.5,6070,14731,2.0,0,0,3,11,6070,0,2004,0,47.5306,-122.134,4750,13404
636799.7493972138,20141105,631000.0,5,2.0,2270,2400,2.0,0,0,3,7,2270,0,1905,0,47.6051,-122.319,1320,2400
423879.2309738099,20140602,285000.0,2,2.5,1380,1073,2.0,0,0,3,7,1140,240,2011,0,47.5462,-122.369,1580,2036
292569.2609091125,20150220,195000.0,3,1.0,1260,8378,1.0,0,0,4,6,840,420,1959,1977,47.3274,-122.348,1140,8496
800996.1612285014,20150425,817500.0,4,2.5,2910,35679,2.0,0,0,4,9,2910,0,1987,0,47.5859,-121.991,2720,36728
602801.1523677998,20150109,550000.0,3,2.0,1810,12825,1.0,0,0,4,7,1810,0,1960,0,47.5953,-122.14,1490,10800
825739.0619116657,20141230,609850.0,2,2.75,1910,1369,3.0,0,0,3,9,1910,0,2002,0,47.6544,-122.373,1910,1879
319472.67757481214,20150106,200000.0,3,1.0,1230,4380,1.0,0,0,3,6,1230,0,1947,0,47.5352,-122.361,1525,6026
365392.7430090045,20150306,367000.0,4,2.5,2960,6219,2.0,0,0,3,9,2960,0,2006,0,47.3603,-122.037,2960,5361
331607.5228762779,20140825,285167.0,3,2.25,2200,8375,2.0,0,0,3,8,2200,0,1988,0,47.2626,-122.218,2200,10002
294877.0280239129,20150402,275000.0,2,1.5,1270,32175,1.0,0,0,4,7,1270,0,1947,0,47.3347,-122.304,1270,10200
238409.05874264133,20150206,262000.0,4,2.5,1560,7800,2.0,0,0,3,7,1560,0,1997,0,47.514,-122.316,1160,7800
582265.9122866754,20140623,690000.0,2,1.0,970,4560,1.0,0,0,4,7,970,0,1907,0,47.6561,-122.332,1500,4560
431853.0412074497,20150324,624000.0,5,3.75,3570,14648,2.0,0,0,3,9,3570,0,2005,0,47.7377,-121.974,3160,7882
466264.93989348644,20140506,353000.0,3,1.0,1350,7740,1.0,0,0,4,6,860,490,1947,0,47.7098,-122.291,1130,7740
327340.82913127734,20140509,224500.0,4,1.0,1430,8355,1.5,0,0,4,7,1430,0,1983,0,47.3178,-122.174,1550,7938
612776.4453587679,20140711,975000.0,5,4.5,4300,12250,2.0,0,0,3,10,4300,0,2004,0,47.5557,-122.027,3950,12250
1092512.0127976008,20150325,505000.0,3,1.0,1380,4000,1.5,0,0,3,7,1380,0,1910,0,47.6261,-122.296,1690,4000
499339.7011693177,20140515,302000.0,4,1.75,2020,7865,1.0,0,0,4,7,1010,1010,1963,0,47.5008,-122.162,1650,7865
326181.6035592653,20140922,170000.0,3,1.0,1480,5670,1.0,0,0,3,6,780,700,1944,0,47.5175,-122.36,760,5040
622821.7212660755,20140707,195000.0,2,1.0,1190,27007,1.0,0,0,4,5,1190,0,1910,0,47.524,-122.04,1730,12632
424281.6049986352,20140909,272000.0,5,1.5,2550,6300,1.0,0,0,4,7,1560,990,1959,0,47.5014,-122.172,1380,6300
423019.30327316886,20150213,369000.0,5,1.5,2550,6300,1.0,0,0,4,7,1560,990,1959,0,47.5014,-122.172,1380,6300
618480.3617696934,20150506,515000.0,3,2.5,3000,8250,1.0,0,0,4,8,1760,1240,1963,0,47.6191,-122.112,2040,8250
306039.35120211757,20140605,269000.0,3,1.0,1690,4250,1.0,0,0,3,7,1020,670,1967,0,47.4945,-122.258,1820,8865
500247.1860575023,20140730,1278000.0,4,4.0,4390,17832,1.0,0,0,4,11,2430,1960,1994,0,47.5283,-122.143,3090,12369
307383.18386447465,20150206,303000.0,3,2.5,1560,4100,2.0,0,0,3,7,1560,0,1985,0,47.4733,-122.189,1660,4400
570066.2802816714,20141110,400000.0,3,1.0,1130,4100,1.0,0,0,3,7,990,140,1941,0,47.6856,-122.385,1800,4100
312037.90314989607,20150204,225000.0,3,1.0,1020,8437,1.0,0,0,5,6,1020,0,1987,0,47.2093,-122.0,1420,8500
365392.7430090045,20140916,219000.0,2,2.0,1310,2550,2.0,0,0,3,6,1310,0,2004,0,47.3496,-122.022,1310,2550
627594.016179868,20141014,625000.0,4,2.0,2020,6867,1.0,0,0,5,8,1010,1010,1942,0,47.7,-122.292,1250,6842
568831.6230745363,20150224,380000.0,5,2.0,1680,3240,1.0,0,0,3,5,840,840,1906,0,47.5965,-122.311,1380,1260
604893.7396616688,20150424,620000.0,4,2.0,1770,7700,1.5,0,0,4,7,1770,0,1962,0,47.5916,-122.146,1710,7700
810493.2222311941,20140627,687500.0,4,2.75,3190,10970,2.0,0,0,3,10,3190,0,1994,0,47.5862,-122.029,2850,8416
312792.7613355806,20141215,252500.0,3,2.0,1150,6000,1.0,0,0,5,7,1150,0,1956,0,47.498,-122.263,1980,6360
604934.0212678046,20141029,510000.0,3,2.5,1860,3658,2.0,0,0,3,8,1860,0,1994,0,47.5703,-122.004,1840,3739
319548.37267989066,20150217,75000.0,1,0.0,670,43377,1.0,0,0,3,3,670,0,1966,0,47.2638,-121.906,1160,42882
582265.9122866754,20150312,492000.0,2,1.0,880,2970,1.0,0,0,3,7,880,0,1927,0,47.6868,-122.349,1370,3060
582292.3732653281,20150311,425000.0,4,2.5,1930,14196,1.0,0,0,4,7,1330,600,1977,0,47.7407,-122.097,1470,12852
511750.94298781455,20150421,1955000.0,4,2.75,3120,7898,1.0,1,4,4,8,1560,1560,1963,0,47.7165,-122.259,2630,13868
630230.5815663218,20150406,699000.0,4,2.5,3230,40319,2.0,0,0,4,10,3230,0,1987,0,47.4856,-122.069,2990,40234
582265.9122866754,20140702,310000.0,2,1.0,700,3000,1.0,0,0,4,6,700,0,1918,0,47.6846,-122.346,1560,4500
814911.2820800088,20141222,350000.0,3,1.75,1010,8580,1.0,0,0,3,7,1010,0,1961,0,47.6703,-122.174,1500,8580
424104.06905959063,20141002,315000.0,3,2.5,1570,2865,2.0,0,0,3,7,1570,0,2003,0,47.5412,-122.288,1610,2582
310337.38058627525,20140812,267500.0,5,3.5,2390,6600,2.0,0,0,5,7,2390,0,1977,0,47.3737,-122.115,1140,6600
620587.6068019925,20140819,1750000.0,4,3.25,3460,7749,2.0,0,1,3,10,3020,440,1950,1998,47.6849,-122.273,3030,8680
779326.9037185308,20141020,5110800.0,5,5.25,8010,45517,2.0,1,4,3,12,5990,2020,1999,0,47.6767,-122.211,3430,26788
381258.5762835626,20140828,439995.0,3,1.75,1570,8400,1.0,0,0,4,7,1570,0,1959,0,47.76,-122.34,1860,8639
287162.4981957411,20140729,194000.0,3,1.0,1070,6440,1.0,0,0,4,7,1070,0,1971,0,47.3186,-122.373,1190,6532
455156.7643910574,20141009,290000.0,2,0.75,440,8313,1.0,1,3,4,5,440,0,1943,0,47.4339,-122.512,880,26289
299709.69837323576,20140715,274700.0,4,2.0,2440,9600,1.0,0,0,5,7,1220,1220,1963,0,47.4142,-122.179,1370,9600
831220.5382038694,20150317,900000.0,4,2.5,2660,3672,2.0,0,0,5,8,1800,860,1910,0,47.6609,-122.324,1510,3825
656678.3044756689,20140507,1150000.0,4,4.0,4460,103382,2.0,0,0,3,11,4460,0,2001,0,47.634,-121.997,3470,88519
622821.7212660755,20140903,605000.0,3,2.5,2010,3667,2.0,0,0,3,9,2010,0,2008,0,47.545,-122.015,2350,3600
546779.7997507615,20150309,359000.0,3,2.5,1450,3850,2.0,0,0,3,7,1450,0,2004,0,47.5318,-121.85,1970,3748
1349502.5899479212,20141008,850000.0,3,1.75,1400,9900,1.0,0,0,3,7,1400,0,1951,0,47.6272,-122.209,1810,10796
577967.1083293719,20140709,565000.0,3,2.5,2500,7394,2.0,0,0,3,9,2500,0,1990,0,47.7441,-122.173,2790,7642
417923.5563026169,20150429,585000.0,2,1.75,1280,7110,1.0,0,0,4,7,1000,280,1955,0,47.5569,-122.273,1550,6835
299479.1170364885,20150430,328000.0,4,3.25,3380,7500,2.0,0,3,3,7,2420,960,1990,0,47.4092,-122.33,1920,7500
695660.3333347015,20140709,749950.0,4,2.75,2910,18700,1.0,0,0,3,9,2210,700,1957,1995,47.7557,-122.368,2420,26140
603450.1873367343,20140626,826000.0,4,2.5,3060,7140,2.0,0,0,3,9,3060,0,2006,0,47.5393,-121.998,3240,6218
623316.0607460955,20140904,535000.0,3,1.0,1330,40259,1.0,0,0,4,7,1330,0,1977,0,47.552,-121.89,1710,34787
570274.3419168495,20140605,875000.0,3,3.5,3250,6000,2.0,0,0,3,10,2500,750,2001,0,47.5533,-122.391,1650,6000
885231.261003273,20140523,902000.0,4,2.25,2530,9200,1.0,0,0,5,9,1570,960,1976,0,47.5612,-122.152,3030,9400
381258.5762835626,20141001,423000.0,3,1.0,1830,13900,1.0,0,0,3,7,1830,0,1951,0,47.7654,-122.352,1840,10667
496997.9761290952,20140623,235000.0,3,1.0,1170,11100,1.0,0,0,4,6,1170,0,1968,0,47.4954,-122.164,2080,8481
385798.8038620333,20141016,343000.0,2,1.0,1230,7560,1.0,0,0,3,7,1230,0,1961,0,47.7298,-122.34,1270,7560
349736.74595901836,20150324,334950.0,3,2.5,1620,2930,2.0,0,0,3,8,1620,0,2002,0,47.4491,-122.12,1900,2943
407720.1792337176,20140909,405000.0,3,1.75,1760,5355,1.0,0,0,3,7,1160,600,1956,0,47.5368,-122.267,1790,6225
291431.194502841,20141215,220000.0,4,1.0,1440,8250,1.0,0,0,3,7,1440,0,1959,0,47.4325,-122.291,1440,8466
847357.1028806998,20141107,655000.0,3,1.0,1270,3600,1.5,0,0,3,7,1270,0,1906,0,47.6368,-122.37,1710,3600
457645.86879663,20141217,632000.0,6,2.5,2560,8320,1.0,0,0,3,7,1370,1190,1961,0,47.7021,-122.287,2360,7800
324041.1167481632,20141126,357000.0,5,2.75,1540,4000,1.0,0,0,3,7,1140,400,1990,0,47.533,-122.354,1630,4000
430289.78019395913,20141209,361000.0,3,1.75,1150,17585,1.0,0,0,3,7,1150,0,1964,0,47.6503,-121.908,1200,7500
420454.5565348886,20140708,277000.0,2,1.0,770,8149,1.0,0,0,3,6,770,0,1948,0,47.7458,-122.298,1160,8149
310337.38058627525,20140509,254000.0,3,2.5,1850,4597,2.0,0,0,3,8,1850,0,2003,0,47.3755,-122.136,2210,5000
407720.1792337176,20150504,510000.0,3,1.75,1490,3800,1.0,0,0,3,6,700,790,1913,0,47.5554,-122.27,2180,4000
294877.0280239129,20141107,179950.0,3,1.0,960,10125,1.0,0,0,4,7,960,0,1952,0,47.3335,-122.305,1250,9769
622057.1224139485,20140904,651000.0,3,2.0,1940,6440,1.0,0,2,5,7,970,970,1940,0,47.5664,-122.389,1730,4640
414816.54958138935,20150421,392400.0,5,2.5,2520,27951,1.5,0,0,3,7,1890,630,1942,1970,47.7733,-122.318,1830,14373
349221.34267604846,20141212,460000.0,4,2.5,4190,7504,2.0,0,0,3,7,4190,0,2004,0,47.4394,-122.114,2480,6727
757565.6878573047,20140813,470000.0,3,1.0,1170,4400,1.0,0,0,3,7,870,300,1951,0,47.6584,-122.391,1240,4400
420335.7122916466,20141125,500000.0,4,2.0,2760,27631,2.0,0,0,4,8,1800,960,1978,0,47.7484,-122.291,2490,13158
539336.9822729103,20150408,485500.0,4,2.5,2320,3974,2.0,0,0,3,7,2320,0,1999,0,47.532,-121.88,2620,4539
636799.7493972138,20141222,1875000.0,5,3.25,4110,7920,2.0,0,3,3,9,3150,960,1921,0,47.617,-122.282,3890,7800
278308.9765726288,20140717,100000.0,2,1.0,770,17334,1.0,0,0,3,7,770,0,1978,0,47.2997,-122.269,1480,17334
292569.2609091125,20141010,475000.0,4,3.5,3660,14401,2.0,0,0,3,10,2660,1000,1994,0,47.3076,-122.396,2780,10653
486214.1567992927,20150219,330000.0,4,2.5,2180,7210,1.0,0,0,3,7,1190,990,1972,0,47.7419,-122.181,2070,7210
792005.9438432184,20150209,130000.0,3,1.0,1110,7520,1.0,0,0,4,7,1110,0,1960,0,47.683,-122.176,1440,8400
282528.4217283847,20140623,320000.0,3,2.5,2280,7417,2.0,0,0,3,8,2280,0,1998,0,47.3557,-122.278,2370,6443
403345.1399193206,20140606,735000.0,4,2.5,2820,6180,2.0,0,0,3,9,2050,770,2013,0,47.5529,-122.281,1390,4635
415493.3567396945,20150312,365000.0,4,2.5,1570,9600,1.0,0,0,3,7,800,770,1972,0,47.7757,-122.303,1340,9110
417923.5563026169,20150330,680000.0,6,3.5,3000,6320,2.0,0,2,3,8,2400,600,1969,0,47.562,-122.279,1720,6360
367708.9322852687,20141112,457000.0,4,3.0,2800,7845,2.0,0,0,3,8,2800,0,2002,0,47.3544,-122.013,2800,6977
523182.4037948479,20141009,349000.0,3,2.25,1640,7261,2.0,0,0,3,7,1640,0,1989,0,47.7192,-122.176,1640,6789
364782.185496813,20141024,360000.0,3,2.75,2030,6840,1.0,0,0,3,7,1210,820,1979,0,47.5413,-122.299,1910,6365
313702.61375263124,20150414,350000.0,4,2.5,2530,10155,2.0,0,0,3,8,2530,0,1998,0,47.351,-122.146,2330,7205
239989.36189918887,20150430,208000.0,3,1.0,990,7420,1.0,0,0,5,6,990,0,1960,0,47.2898,-122.221,1010,7420
451433.963457293,20140618,250275.0,2,1.0,790,11234,1.0,0,0,4,6,790,0,1942,0,47.4413,-122.349,1930,11871
461274.86126925366,20150428,435000.0,2,1.0,790,11234,1.0,0,0,4,6,790,0,1942,0,47.4413,-122.349,1930,11871
290868.7969629659,20141205,270000.0,3,1.75,1800,7763,1.0,0,0,3,6,1470,330,1984,0,47.3766,-122.184,1440,7483
571198.6073658669,20141119,659000.0,4,2.0,1980,23625,2.0,0,0,3,8,1980,0,1938,1984,47.7553,-122.092,2300,24640
423879.2309738099,20150504,645000.0,4,2.75,2340,6350,1.0,0,0,4,7,1310,1030,1974,0,47.5559,-122.379,2020,6350
688898.2086366917,20141030,685100.0,4,2.5,2790,5423,2.0,0,0,3,9,2790,0,1999,0,47.6085,-122.017,2450,6453
418911.3400666306,20140623,350000.0,7,3.0,2800,9569,1.0,0,2,3,7,1400,1400,1963,0,47.5102,-122.183,2150,7333
582292.3732653281,20150227,375000.0,2,1.0,1840,81892,1.0,0,0,3,6,1840,0,1955,0,47.7694,-122.124,2550,40089
562221.8965948637,20140624,880000.0,4,2.5,3030,3841,3.0,0,0,3,9,3030,0,2005,0,47.6781,-122.369,1080,4922
454247.2232787172,20150419,410500.0,4,2.5,1980,5000,2.0,0,0,3,8,1980,0,2008,0,47.6492,-121.908,1400,8500
800996.1612285014,20141023,780000.0,4,2.5,3690,13609,2.0,0,2,3,10,3690,0,1996,0,47.5872,-121.972,3600,13609
662738.3124233643,20141113,449000.0,2,1.75,1510,6852,1.0,0,0,3,8,1510,0,2005,0,47.7073,-122.012,1510,5912
562221.8965948637,20140514,546000.0,3,1.75,2000,5000,1.0,0,0,4,7,1110,890,1921,0,47.6859,-122.399,1750,5000
349221.34267604846,20140516,317000.0,3,2.0,1760,11410,1.0,0,0,5,7,1060,700,1977,0,47.4528,-122.163,1680,9165
406403.49633050826,20140625,276900.0,3,1.0,1270,7566,1.0,0,0,4,7,1270,0,1958,0,47.5074,-122.175,1780,7520
385907.80820247653,20141028,399000.0,5,2.0,2620,7030,1.0,0,0,3,8,1420,1200,1965,0,47.7338,-122.352,1360,7964
624391.6152501821,20140808,495000.0,5,2.75,2630,10165,1.0,0,0,4,8,1690,940,1976,0,47.5196,-122.049,2440,10165
287162.4981957411,20140808,258000.0,3,1.75,2270,9000,1.0,0,0,4,8,1330,940,1978,0,47.3077,-122.381,2090,8400
242074.57651249997,20150424,321000.0,5,2.75,3030,7000,1.0,0,0,4,7,1540,1490,1978,0,47.3661,-122.28,1790,7330
331607.5228762779,20141114,295700.0,4,2.5,1720,5805,2.0,0,0,3,8,1720,0,2000,0,47.3286,-122.208,2360,7700
655041.9606132031,20140506,609000.0,4,2.5,2150,37981,2.0,0,0,3,9,2150,0,1985,0,47.7227,-122.098,2450,37981
612793.6173133849,20140818,530000.0,3,2.25,2010,11817,2.0,0,0,4,8,2010,0,1986,0,47.5665,-122.023,2190,10168
403345.1399193206,20141229,614000.0,5,2.5,3150,5150,2.0,0,0,5,8,1870,1280,1907,2004,47.5506,-122.269,1550,5150
319564.07735553844,20141124,390000.0,3,2.5,2500,21780,1.0,0,0,3,8,1770,730,1986,0,47.3282,-122.198,2670,23400
671650.574529007,20141110,467000.0,3,2.5,1690,6642,2.0,0,0,3,7,1690,0,2004,0,47.6793,-122.033,2120,5080
496997.9761290952,20140813,484000.0,6,2.5,3300,13501,1.0,0,0,3,8,2060,1240,1980,0,47.5116,-122.163,2060,8745
582265.9122866754,20141113,340000.0,3,2.5,1240,1115,3.0,0,0,3,8,1240,0,2003,0,47.6985,-122.34,1410,1355
291883.96422432835,20141223,302495.0,3,2.5,2200,7201,2.0,0,0,3,8,2200,0,1994,0,47.3821,-122.207,2250,7240
572984.7232962148,20140925,532500.0,3,1.75,1620,3360,1.0,0,0,5,7,980,640,1927,0,47.6886,-122.361,1400,3840
314750.89647702186,20140724,470000.0,4,2.5,2680,8062,1.0,0,3,4,7,1530,1150,1967,0,47.4132,-122.328,1920,8600
349221.34267604846,20141217,590000.0,3,2.5,2400,99752,1.0,0,0,3,9,2400,0,1996,0,47.3917,-122.084,2800,98010
388553.49155900674,20140729,320000.0,3,1.75,2300,12000,1.0,0,0,3,8,1770,530,1942,0,47.7599,-122.343,2030,6000
1048529.0666557761,20140505,831000.0,4,3.0,2170,4000,2.0,0,0,4,9,1610,560,1982,2011,47.6196,-122.292,1670,4000
539336.9822729103,20150424,403000.0,3,2.5,1700,4125,2.0,0,0,3,7,1700,0,2004,0,47.5305,-121.854,1970,4105
582292.3732653281,20150326,345000.0,3,1.0,1250,17380,1.0,0,0,4,7,1250,0,1970,0,47.7502,-122.108,1410,18200
482040.4405076751,20140616,371025.0,3,2.0,1530,8925,1.0,0,0,3,7,1530,0,1977,0,47.736,-122.199,2040,8856
570274.3419168495,20140730,355000.0,2,1.0,960,6250,1.0,0,0,3,6,960,0,1916,0,47.5491,-122.386,1350,6250
349221.34267604846,20140909,270000.0,3,1.0,1240,14110,1.0,0,0,4,7,1240,0,1972,0,47.4579,-122.09,2060,19350
308517.18681862217,20140605,425000.0,4,2.75,2440,15349,2.0,0,1,4,7,2440,0,1957,0,47.4117,-122.333,2280,9250
343584.47810641496,20150313,364808.0,3,1.75,2320,7875,1.0,0,0,3,8,1620,700,1967,0,47.4524,-122.146,1990,9720
291212.7109591785,20141014,325000.0,4,2.5,2963,5797,2.0,0,0,3,9,2963,0,2006,0,47.3831,-122.185,2665,6119
240360.43284918432,20150219,170000.0,3,1.5,1370,10176,1.0,0,0,3,6,1370,0,1947,0,47.4738,-122.263,1650,10176
448273.67156774935,20140509,255000.0,2,1.0,960,28717,1.0,0,0,4,6,960,0,1984,0,47.3356,-122.502,1860,28717
572644.8838247377,20141210,550000.0,3,1.0,1130,7500,1.0,0,0,3,7,880,250,1947,0,47.6973,-122.389,2190,5250
320875.0191214165,20140703,835000.0,4,4.25,4930,25714,2.0,0,0,3,12,4930,0,2005,0,47.3069,-122.148,3620,23035
619726.9661858212,20150310,420000.0,3,1.0,1150,5120,1.0,0,0,4,6,800,350,1946,0,47.5588,-122.392,1220,5120
1210705.151845095,20140514,925000.0,4,2.5,2190,7350,2.5,0,0,5,8,2190,0,1958,0,47.5786,-122.236,1880,7350
799651.4021460296,20150501,748000.0,3,2.5,2600,10183,1.0,0,0,3,8,1300,1300,2004,0,47.6984,-122.201,1860,10401
312970.38290991395,20150324,284000.0,3,1.75,1530,9600,1.0,0,0,3,7,1200,330,1988,0,47.3594,-122.076,1680,9680
620587.6068019925,20140611,588000.0,4,2.0,1680,5000,1.0,0,0,3,7,980,700,1950,0,47.6858,-122.286,1680,6000
386953.59781931347,20150320,372500.0,3,1.75,1680,8648,1.0,0,0,4,7,1680,0,1963,0,47.7338,-122.332,1290,8147
608952.06642221,20141118,275000.0,3,1.0,1370,17859,1.0,0,0,4,7,1150,220,1930,0,47.5617,-121.859,1460,47044
704584.6258309436,20150325,847000.0,6,2.5,3010,17864,2.0,0,0,3,8,3010,0,1969,0,47.7209,-122.372,2560,11532
427715.988107843,20140926,316000.0,3,1.0,1010,7838,1.0,0,0,4,6,1010,0,1977,0,47.7422,-121.981,1380,8128
290075.6423254051,20150505,375000.0,3,2.5,2050,7205,2.0,0,0,3,8,2050,0,2000,0,47.3487,-122.304,2050,7264
